2634 3934
302 289 361 347 rm
540 255 966 349 IUVENALIS

296 410 401 483 Scrofa
422 410 528 493 dedit,
550 407 821 503 laetisJ’hrygibus
842 409 979 475 mirabile
1000 419 1132 490 sumen,

295 531 340 598 Et
363 552 514 621 nunquam
537 527 605 594 visis
627 528 756 620 triginta
777 529 858 594 clara
880 525 1040 594 mamillisa

211 691 213 696 ι
295 645 440 714 Tandem
461 647 559 709 intrat
580 646 696 734 positas
717 645 832 712 inclusa
854 666 909 733 per
930 661 1052 732 aequora
1073 639 1195 720 moles,

296 762 553 849 Tyrrhenamque
568 759 711 843 Pharon,
733 759 930 852 porrcdiaque
942 757 1059 855 br'aehia
1072 777 1218 836 rursum,

295 877 377 966 Qua:
400 876 509 965 pelago
531 892 661 939 currunt
682 878 803 956 medio,
823 877 978 968 longeque
999 873 1175 960 relinquunt

294 989 435 1061 Italiam.
458 989 529 1059 Non
550 989 592 1057 sic
614 990 710 1082 igitur
730 989 879 1057 mirabere
900 1007 1026 1082 portus,

295 1109 384 1202 Quos
407 1123 515 1207 natura
535 1106 637 1173 dedit:
660 1106 713 1174 sed
736 1125 845 1172 trunca
865 1129 971 1195 puppe
992 1106 1141 1198 magister

290 1225 450 1294 interiora
473 1224 553 1313 petit
574 1223 697 1305 Bajanae
719 1223 824 1315 pervia
845 1221 963 1302 cynbae

296 1338 376 1405 Tuti
397 1356 504 1430 otagna
526 1341 626 1405 sinusa
648 1340 797 1407 Gaudent
819 1339 859 1404 ibi
880 1338 999 1405 vertice
1021 1360 1091 1405 raso

295 1453 431 1523 Garrula
452 1454 551 1522 securi
572 1471 697 1520 narrare
717 1453 853 1542 pericula
875 1472 993 1519 nautea.

296 1569 348 1640 Ite
368 1571 464 1664 igitur
485 1569 592 1660 pueri,
614 1569 751 1662 linguis,
772 1568 938 1658 animisque
958 1551 1126 1652 faventes,

297 1690 450 1779 Sertaque
471 1686 621 1770 delubris,
643 1685 678 1754 dt
699 1684 780 1753 farra
801 1683 950 1774 imponite
971 1675 1112 1763 cultris,‘

298 1801 350 1871 Ac
371 1804 492 1870 molleis
513 1823 622 1871 ornate
642 1800 747 1885 focos,
767 1802 948 1894 glebamque
970 1801 1144 1867 virentemc·

297 1918 363 2002 Jam
385 1940 512 2003 sequar,
534 1918 687 1998 desecto,
710 1919 790 2006 quod
805 1935 953 2007 praestat,
977 1918 1038 1982 rite
1050 1913 1192 2005 petatio,
1309 1941 1310 1950 ¹

190 2055 196 2066 ‘
296 2028 376 2096 Inde
395 2027 519 2093 domum
541 2048 703 2119 repetam,
724 2032 864 2121 gracileis
886 2032 936 2095 ubi
947 2053 1041 2119 parva
1054 2052 1185 2097 coronat

297 2142 467 2236 Accipiunt
489 2141 589 2238 fragili
612 2145 773 2212 simulacra
796 2145 927 2211 nitentia
949 2169 1038 2214 cera«

297 2262 385 2330 Heic
406 2280 545 2329 nostrum
566 2263 691 2354 placabo
712 2262 838 2350 Iovem,
868 2261 1057 2353 Laribusque
1078 2261 1212 2353 paternis

298 2375 406 2446 Thura
427 2379 522 2459 dabo,
544 2396 638 2467 atque
659 2379 776 2445 omneis
799 2379 888 2446 riolae
910 2378 1024 2458 jauabo
1045 2380 1183 2451 colores.

295 2495 416 2566 Cuncta
438 2493 561 2577 nitent,
582 2495 691 2587 longos
712 2496 811 2562 erexit
834 2498 925 2577 janua
947 2516 1069 2580 ramos,
1102 2528 1106 2533 ·

296 2611 341 2679 Et
362 2612 522 2679 matutinis
544 2613 685 2702 operitur
706 2610 784 2679 festa
806 2611 958 2680 lucernis.¹

297 2727 365 2795 Nec
387 2729 522 2816 suspedla
545 2729 599 2795 tibi
620 2730 682 2794 sint
703 2730 790 2810 haec,
811 2728 970 2796 Corvino:
992 2725 1136 2798 Catullus
1142 2771 1155 2812 ,

297 2841 361 2908 Pro
382 2844 469 2921 cujus
490 2844 591 2910 reditu
614 2862 665 2910 tot
686 2867 769 2940 pono
790 2844 920 2925 altaria,
943 2867 1051 2935 parvos
1310 2915 1311 2920 ,

297 2956 380 3026 Tres
396 2955 486 3022 habet
499 2958 646 3026 heredes.
669 2958 763 3027 Libet
777 2960 968 3051 exspoliare,
988 2962 1054 3052 quis
1068 2982 1185 3052 aegram

297 3074 341 3141 Et
361 3071 558 3141 claudentem
581 3078 686 3141 oculos
707 3076 853 3168 gallinam
875 3079 1034 3168 impendat
1055 3079 1154 3144 amico

297 3181 380 3258 Tam
395 3189 510 3256 sterili.
525 3190 648 3280 Verum
661 3170 828 3260 haecnimia
839 3213 887 3259 est
901 3196 1053 3285 impensa:
1067 3194 1209 3260 coturnix

297 3305 391 3375 Nulla
414 3329 546 3397 unquam
567 3330 624 3397 pro
646 3324 736 3396 patre
757 3310 865 3377 cadet.
888 3308 1011 3376 Sentire
1034 3310 1170 3377 calorem

296 3420 330 3490 Si
351 3423 450 3513 coepit
471 3423 608 3517 locuples
630 3423 769 3509 Gallita,
792 3424 827 3494 dt
849 3423 991 3508 Paccius,
1013 3426 1095 3492 orbi:
