2634 3934
372 240 494 322 S'AT
518 248 552 324 Y
578 247 612 319 R
637 243 672 321 A
712 234 764 321 V.
958 265 1024 319 ω

109 404 232 479 Navem
252 396 278 481 si
301 416 404 490 poscat
426 397 480 464 sibi
500 413 666 488 peronatus
687 412 791 462 arator
916 381 918 385 ¹

109 515 252 591 Luciferi
273 516 373 601 rudis,
394 516 547 588 exclamet
568 513 739 585 Melicerta
760 508 881 602 perlsse
993 536 996 541 ·

108 634 261 706 Frontem
282 633 321 701 de
344 633 447 705 rebus.
480 626 555 702 Tibi
575 629 659 697 reilo
680 631 785 698 vivere
807 628 872 694 talo

108 744 176 818 Ars
195 738 302 819 dedit?
325 746 446 819 &veri
470 746 603 837 speciem
624 748 803 840 dignoscere
826 744 939 828 calles,
1050 782 1051 785 =

107 863 161 937 Ne
181 888 242 956 qua
265 864 415 931 subaerato
436 864 614 937 mendosum
636 865 749 937 tinniat
772 864 869 929 auro?

105 979 252 1071 Qraeque
267 980 420 1070 sequenda
434 978 554 1065 forent,
576 1002 706 1071 quaeque
721 976 863 1047 evitanda
878 975 1008 1044 vicissim
1016 1021 1028 1062 ,

106 1095 167 1169 Illa
187 1096 272 1187 prius
292 1115 397 1182 creta,
422 1118 494 1174 mox
515 1099 582 1169 lraec
603 1100 734 1167 carbone
758 1093 892 1166 notasti?

106 1209 152 1278 Es
173 1204 308 1281 midicu
332 1217 416 1298 voti,
438 1238 542 1306 presso
563 1215 648 1296 lare,
674 1214 770 1280 dulcis
792 1208 915 1276 amicis?

107 1323 174 1412 Jarn
202 1352 283 1395 nunc
305 1331 495 1423 adstringes,
517 1335 577 1417 iam
599 1353 681 1397 nunc
703 1327 841 1427 granaria
863 1326 967 1395 laxesc

74 1540 78 1545 Ι
108 1439 209 1530 Inque
230 1441 298 1508 luto
319 1442 412 1514 finum
433 1447 529 1537 possis
549 1449 765 1519 transcendere
788 1462 962 1512 nummum:

108 1554 177 1626 Nec
199 1558 288 1645 gluto
310 1560 433 1629 sorbere
454 1565 577 1653 salivapr
600 1562 843 1621 Mercurialem?

109 1669 197 1746 Hac,
218 1688 287 1732 mea
308 1684 399 1749 sunt,
421 1683 534 1748 teneo,
560 1687 632 1732 curn
654 1689 729 1736 vere
749 1667 879 1748 dixeris,
900 1683 969 1733 esto

63 1792 76 1811 ”
110 1779 288 1870 Liberque,
310 1804 347 1849 ac
361 1782 498 1872 sapiens,
522 1782 721 1872 praetoribus,
743 1805 778 1850 ac
793 1782 869 1870 Jove
883 1781 1011 1854 dextros

110 1896 165 1969 Sin
189 1914 246 1980 tu,
272 1921 342 1971 curn
364 1896 459 1967 fueris
479 1908 593 1969 nostrae
613 1901 705 1990 paulo
724 1916 798 1970 ante
819 1895 945 1983 farinae,
973 1904 976 1909 ’

111 2011 293 2089 Pelliculam
316 2033 456 2083 veterem
477 2016 609 2099 retines,
631 2014 784 2085 &fronte
804 2016 917 2108 politus

113 2124 261 2201 Asturam
283 2134 393 2223 vapido
414 2155 515 2205 servas
536 2134 589 2203 sub
610 2134 733 2222 pedore
755 2126 894 2222 vulpem:

112 2228 195 2336 (ξιξ
215 2246 359 2323 dederam
383 2270 472 2340 supra
494 2267 620 2339 repeto,
641 2246 808 2338 funemque
828 2246 960 2315 reduco.

112 2359 167 2430 Nil
190 2362 245 2428 tibi
265 2368 417 2435 concessit
438 2367 537 2449 ratio,
555 2365 692 2458 digitum
714 2386 834 2457 erere,¹
847 2370 972 2454 peccas:

113 2475 157 2544 Et
171 2477 245 2566 quid
265 2498 330 2546 tam
345 2504 471 2569 parvum
486 2485 554 2551 est?
578 2483 630 2547 sed
653 2482 740 2545 nullo
761 2480 854 2547 thure
875 2480 975 2548 litabis
982 2524 996 2569 5

114 2590 248 2667 Haereat
270 2596 302 2660 in
324 2597 425 2662 stultis
448 2594 547 2661 brevis
567 2611 603 2660 ut
624 2596 777 2665 semuncia
799 2593 889 2664 redi,

114 2706 200 2774 Haec
221 2713 349 2779 miscere
371 2709 470 2786 nefas:
493 2733 551 2783 nec
571 2734 640 2778 curu
662 2711 701 2777 sis
722 2726 826 2778 cetera
846 2706 962 2794 fossor,

114 2817 208 2889 Treis
229 2806 350 2895 tantum
371 2831 408 2903 ad
428 2812 569 2895 numeros
584 2830 682 2910 satyri
693 2825 1009 2910 'moveareuarhynu

114 2935 210 3013 Liber
223 2962 301 3034 ego,
322 2947 403 3015 unde
416 2945 522 3014 datum
533 2946 591 3015 hoc
604 2948 695 3013 sumis
708 2956 758 3013 tot
771 2944 888 3017 subdite
899 2946 1010 3014 rebus?

115 3051 171 3125 Au
191 3056 348 3129 dominum
370 3063 510 3157 ignoras,
532 3064 590 3131 nisi
610 3086 702 3155 quern
724 3061 853 3132 vindicio
866 3062 1012 3137 relaxat?

114 3169 133 3243 l
156 3195 249 3262 puer,
270 3174 453 3272 &strigiles
468 3181 604 3272 Crispini
625 3182 663 3252 ad
685 3181 791 3253 balnea
812 3175 916 3248 deseri

116 3285 150 3357 Si
172 3289 349 3385 increpuit,
370 3318 468 3366 cessas
489 3305 644 3393 nugator?
667 3299 825 3371 servitium
846 3315 919 3367 acre

116 3397 169 3479 Te
189 3408 265 3485 nihil
278 3412 431 3506 impellite
453 3418 689 3517 necquicquam
709 3417 899 3521 extrinsecus
921 3413 1032 3497 intrat,
1137 3430 1140 3441 ¹
