2634 3934
39 4 385 334 sau
498 241 566 313 uu
589 234 785 312 sATuuA
809 240 1085 332 Juvuuuus

345 400 538 488 rituumque
561 406 698 492 animas,
721 406 863 501 impune,
886 401 931 480 lu
952 406 1077 473 vindice
1106 406 1251 478 nullo!

345 528 415 596 sed
431 531 549 618 periit,
570 546 730 617 putquum
752 530 920 599 cerdonibus
941 551 1003 599 cue
1021 531 1213 600 ‘timendus

344 663 502 745 cuperat.
526 661 592 723 Hoc
616 659 712 724 nutat
736 660 914 726 Lamiarum
936 654 1018 724 cade
1042 657 1229 726 madenti.

365 905 589 994 Ejusdemque
606 904 710 976 animi
726 922 805 976 sunt
823 906 881 979 illa
895 902 1047 977 Cornelii
1056 903 1172 996 Rufi,
1193 907 1274 995 qui,

318 1051 427 1121 quum
458 1032 661 1122 gravissimis
694 1031 818 1118 pedum
848 1030 1020 1102 doloribus
1043 1032 1273 1104 Domitiano

317 1158 431 1228 adhuc
454 1174 634 1248 grassante
647 1176 840 1249 aegrotaret,
872 1154 972 1228 Plinii
996 1158 1049 1228 sui
1075 1159 1267 1245 praesentia

317 1281 509 1371 paullulum
532 1301 719 1374 recreatus,
750 1309 824 1374 cur,
855 1285 987 1374 inquit,
1011 1305 1061 1354 me
1080 1300 1182 1373 putas
1205 1279 1265 1348 bu

317 1424 415 1477 tantos
438 1409 548 1475 dolores
573 1412 692 1478 tudeu
715 1411 886 1480 sustinere?
918 1420 957 1480 Ut
980 1413 1093 1482 scilicet
1125 1413 1181 1477 isti
1206 1408 1258 1476 la.

317 1537 416 1622 troni,
440 1534 680 1605 Domitianum
704 1534 882 1626 innuebat,
901 1539 958 1619 ,vel
981 1559 1039 1606 unu
1062 1538 1112 1605 die
1138 1550 1252 1622 super·

318 1663 394 1728 sim.
420 1658 556 1746 Nempe
579 1659 633 1727 his
650 1661 788 1732 vocibus
811 1661 926 1733 ereuis
949 1666 986 1737 ἃ
1000 1662 1113 1734 liberis
1134 1660 1249 1727 diram

317 1785 514 1856 servitutem
537 1784 707 1854 fortissimi
733 1790 795 1856 viri
819 1788 1087 1878 exsecrabantur3
1119 1790 1155 1861 &
1179 1805 1241 1852 no·

317 1928 404 1997 ster,
428 1911 563 1998 quoties
580 1930 650 1979 sese
666 1908 760 1979 dedit
776 1917 929 2003 occasio,
952 1911 1144 1997 hujusmodi
1158 1929 1238 1979 acu-

315 2033 380 2103 leis
403 2034 601 2122 &stimulis
624 2036 759 2124 Satyrus
773 2058 850 2108 suas
871 2038 1057 2108 felicissime
1077 2037 1234 2123 armavit;

315 2159 367 2229 sic
392 2176 505 2233 tamen
529 2177 570 2230 ut
595 2182 655 2248 per
677 2161 820 2248 duplicis
841 2185 953 2234 semus
968 2159 1230 2253 ambiguitatem,

314 2283 486 2363 hebetiore
518 2287 648 2359 acutior
672 2305 869 2379 tegeretur,
908 2291 977 2378 ipse
1009 2293 1130 2361 interea
1160 2308 1227 2355 rem

315 2430 444 2504 ageret.
477 2411 563 2481 Tale
586 2410 765 2501 quiddam,
789 2415 826 2483 ni
848 2413 965 2501 fallor,
988 2415 1024 2482 iu
1047 2412 1133 2479 hisce
1154 2432 1224 2481 ver.

313 2535 404 2609 sibus
426 2537 532 2626 latet,
556 2536 673 2623 Satyra
696 2540 829 2624 quinta:

336 2798 415 2861 crus
437 2789 514 2856 bibet
537 2788 656 2856 Albanis
681 2792 799 2875 aliquid
819 2792 857 2859 de
881 2788 1042 2877 montibus,
1066 2803 1112 2858 aut
1131 2789 1164 2856 de

336 2899 471 2999 setini),
494 2913 583 2993 cujus
601 2919 740 3001 patriam
764 2917 941 3002 titulumque
964 2912 1090 2984 uacuus

337 3039 453 3108 Delerit
476 3037 574 3105 multa
596 3046 707 3107 ueteris
725 3044 856 3133 fuligine
882 3061 991 3117 testaes

335 3162 437 3252 ‚Quale
460 3170 588 3232 coronati
611 3164 744 3237 Thrasea
768 3170 985 3256 Helvidiusque
1009 3168 1128 3238 bibebam

334 3293 498 3359 Brutorum
519 3287 565 3368 lm
586 3288 677 3365 caut
702 3296 866 3367 natalibus.
