2634 3934
372 260 670 341 sATYuA
713 262 757 338 X·
966 293 1047 350 113'

94 418 264 501 Favisset,
286 414 312 490 si
332 441 475 509 oppressa
496 416 579 484 foret
598 438 703 490 secura
726 412 862 484 senessus

95 536 276 626 Principis,
298 535 353 610 hac
375 536 439 625 ipsa
461 535 607 615 Seianum
630 533 748 600 diceret
768 531 842 604 hora

95 653 301 747 Augustum.
324 650 543 739 Iampridem,
565 669 605 714 ex
624 668 685 737 quo
705 648 844 740 suffragia
867 647 945 715 nulli

59 854 67 861 Ι
95 767 300 850 Vendimus,
324 765 432 840 effudit
445 787 547 852 euras;
570 787 659 845 nam,
684 766 735 854 qui
750 764 839 832 dabat
853 764 928 836 olim

97 884 295 975 Imperium,
317 877 440 963 fasceis,
463 881 617 973 legiones,
640 884 757 969 omnia3
782 905 862 949 nunc
878 904 911 949 se
1040 859 1046 872 ’

97 999 282 1079 Continet,
305 1014 396 1087 atque
418 998 491 1067 duas
514 1017 636 1066 tantum
662 1021 710 1066 res
731 999 836 1075 anxius
850 1014 959 1085 optat,

95 1114 224 1187 Paron
250 1112 485 1189 &circensem
508 1114 667 1182 Perituros
689 1115 779 1193 aridio
800 1113 931 1188 multos.
959 1163 962 1170 .

98 1229 161 1301 Nil
184 1229 320 1298 dubium:
342 1254 453 1323 magna
474 1247 522 1297 est
547 1228 724 1299 fornacula:
747 1228 909 1319 palliduius
933 1228 982 1301 ml

98 1346 260 1428 Brutidjus
282 1367 367 1414 meus
388 1347 425 1414 ad
451 1346 566 1423 Martis
589 1343 648 1421 suit
670 1346 771 1433 obvius
795 1369 894 1420 aram.
966 1339 969 1342 ’

97 1461 207 1554 Quam
230 1462 347 1545 timeo,
368 1461 460 1529 vietus
474 1465 523 1530 nd
535 1486 643 1554 poenas
665 1465 770 1558 exigat
785 1460 888 1548 Ajox,

97 1574 159 1648 Ut
182 1578 263 1648 mole
283 1576 440 1646 defensus!
462 1565 617 1645 vcurramus
631 1582 823 1667 praecipites,
849 1578 903 1657 dc,

96 1693 191 1759 Dum
213 1696 293 1770 jacet
315 1693 347 1752 in
372 1692 459 1775 ripa,
481 1690 636 1757 calcemus
647 1687 780 1755 Caesaris
802 1689 938 1754 hostem.
989 1721 993 1730 ⁴

98 1806 166 1875 Sed
183 1803 306 1873 videant
322 1802 419 1894 servi,
443 1823 483 1868 ne
497 1803 567 1891 quis
581 1819 694 1893 neget,
717 1800 908 1893 &pavidum
928 1802 959 1868 in
972 1785 1018 1883 jus

99 1919 241 1990 Cervice
262 1916 403 1990 obstrida
424 1919 580 1984 dominum
602 1918 721 1991 trahat.
744 1919 794 2006 Hi
805 1941 965 1988 sermones
1046 1933 1051 1954 ‘

100 2034 197 2108 Tunc
219 2035 259 2105 de
284 2032 416 2118 Seiano,
437 2052 554 2107 secreta
580 2034 647 2107 haec
669 2058 828 2112 mturmura
852 2037 952 2129 voigi.

101 2152 204 2222 Visne
225 2149 351 2216 salutari
371 2151 448 2216 sicut
470 2151 615 2238 Sejanus,
638 2152 749 2225 habere

101 2265 325 2348 Tantundem,
347 2284 440 2355 atque
463 2267 510 2332 iili
530 2288 662 2334 summas
681 2267 795 2336 donare
810 2264 960 2340 curuleis?

100 2383 194 2450 Illum
217 2382 399 2456 exercitibus
421 2385 629 2472 preponere?
655 2400 742 2449 tutor
766 2380 867 2449 haberi

101 2497 252 2586 Principis
270 2496 413 2590 Augusta
425 2497 615 2587 Caprearum
638 2499 671 2564 in
693 2520 768 2588 rupe
789 2497 923 2566 sedentis

102 2611 186 2679 Cum
209 2633 306 2702 grege
319 2609 491 2681 Chaldaeo?
514 2612 574 2680 Vis
596 2628 684 2682 certe
709 2614 791 2700 pila,
813 2612 986 2698 cohorteis,

103 2724 256 2821 Egregios
277 2726 417 2815 equites,
439 2723 475 2791 ὅ(
496 2742 595 2816 castra
618 2725 803 2797 domestica?
826 2727 897 2818 quid
919 2729 950 2797 ni
1003 2775 1007 2782 -

103 2843 190 2910 Haec
211 2842 339 2931 cupias?
361 2839 417 2924 dt,
439 2842 491 2933 qui
514 2841 622 2909 nolunt
646 2842 786 2916 occidere
802 2865 992 2936 quenquam,

71 3007 74 3016 »
103 2957 195 3027 Posse
211 2958 339 3026 volunt.
363 2957 424 3026 Sed
438 2979 507 3050 quae
521 2959 670 3048 praeclara
679 3009 689 3042 ,
711 2957 746 3028 dt
757 2943 900 3051 prospera
916 2963 1014 3049 tanti,

105 3070 156 3141 Ut
181 3073 268 3144 rebus
290 3072 371 3140 laetis
393 3096 449 3163 par
473 3076 512 3144 sit
535 3096 674 3146 mensura
695 3078 864 3146 malorum?

104 3188 226 3273 HuJus,
251 3190 304 3281 qui
326 3185 476 3273 trahitur,
499 3208 684 3282 praetextam
706 3213 826 3286 sumere
845 3193 957 3264 mavis:

104 3300 157 3373 An
181 3304 384 3391 Fidenarum,
406 3306 635 3401 Gabiorumque
657 3331 723 3382 esse
744 3324 900 3401 potestas,
924 3381 932 3400 ί

105 3420 146 3490 Et
168 3420 208 3488 de
230 3403 367 3514 mensura
387 3426 436 3512 'jus
455 3425 576 3513 dicere,
601 3447 669 3496 vasa
691 3427 808 3496 minora

690 3538 729 3612 H
