2634 3934
314 261 353 342 aa
560 239 992 341 JUVENALIS

312 401 457 499 Quaeque
481 403 673 496 reportandis
695 404 795 495 posita
816 424 865 473 est
888 407 1042 474 orchestra
1063 403 1238 479 cathedris.-

312 525 503 612 Nosnamen
526 521 584 586 hoc'
606 522 745 612 agimus,
767 523 914 613 tenuique
924 519 960 591 in
982 525 1114 615 pulvere
1135 530 1235 595 sulcos

314 643 484 726 Ducimus;
506 636 540 704 dc
564 635 654 703 littus
676 631 777 708 sterili
800 651 951 709 versamus
972 646 1097 709 aratros

313 751 393 828 Nam
415 758 439 821 si
462 754 617 838 discedas,
640 757 753 846 laqueo
776 775 863 826 tenet
886 747 1035 824 ambitiosi

312 861 516 944 Consuetudo
538 873 628 940 mali:
652 890 743 942 tenet
759 852 926 940 'insanabile
941 876 1057 940 multos
1142 895 1147 900 ’

313 990 470 1060 Scribendi
491 988 675 1074 cacoethes,
696 990 731 1059 dc
752 1004 837 1081 agro
857 990 889 1054 in
911 990 1007 1057 corde
1029 994 1169 1061 senescit.-

313 1097 375 1177 Sed
397 1115 500 1193 ratem
522 1114 703 1203 egregium,
725 1107 773 1173 cui
796 1119 858 1172 uon
881 1106 921 1170 sit
944 1109 1065 1197 publica
1088 1133 1183 1196 vena,

280 1237 282 1240 ’
312 1226 378 1317 Qui
399 1224 474 1289 nihil
497 1228 669 1317 expositum
690 1225 785 1291 soleat
807 1222 981 1308 deducere,
1003 1248 1060 1292 nec
1080 1218 1134 1318 qui

312 1333 482 1409 Communi
503 1339 595 1411 feriat
617 1352 739 1408 carmen
760 1338 884 1407 triviale
905 1357 1047 1409 moneta:¹

215 1479 217 1486 ’
313 1458 432 1541 Hunc,
447 1463 570 1549 qualern
584 1478 704 1546 nequeo
718 1474 913 1543 monstrare,
934 1458 968 1524 dc
982 1449 1081 1525 sentio
1089 1475 1226 1544 tantum,

314 1567 486 1645 Anxietate
507 1595 611 1644 carens
633 1572 751 1638 animus
773 1570 872 1658 facit,
892 1572 986 1643 omnis
1007 1563 1108 1638 acerbi

312 1692 500 1783 Impatiens,
522 1688 648 1778 cupidus
669 1689 841 1775 sylvarum,
863 1707 1010 1781 aptusque
1031 1687 1165 1757 bibendis

218 1824 220 1828 ·
312 1801 462 1877 Fontibus
482 1804 660 1874 Aonidum:
682 1828 783 1897 neque
805 1810 889 1875 enim
910 1818 1038 1875 cantare
1057 1799 1111 1874 sub
1132 1820 1223 1875 antro

312 1910 433 2006 Pierio,
458 1911 633 2002 thyrsumve
655 1935 762 2011 potest'
783 1915 965 2017 contingere
986 1935 1099 1993 moesta'

310 2027 497 2131 Paupertas,
518 2049 614 2126 atque
635 2039 704 2106 aeris
725 2031 834 2135 inops,
853 2063 913 2129 quo
935 2029 1023 2104 nodie
1045 2041 1158 2129 dieque

311 2156 434 2245 Corpus
442 2165 704 2243 egetisatur'est,
728 2183 797 2227 cum
805 2157 877 2224 dicit
886 2153 1058 2222 Horatiusi
1072 2150 1218 2224 Heuohe!¹
1297 2151 1298 2156 ’

309 2263 388 2361 Quis
410 2257 493 2334 locus
514 2257 657 2365 ingenio:
683 2277 738 2343 nisi
760 2284 830 2342 curn
851 2281 883 2335 se
906 2261 1045 2339 carmine
1063 2261 1130 2339 solo
1297 2255 1298 2262 ἵ

308 2374 457 2467 velant,
478 2386 513 2455 ὅ(
537 2389 682 2460 Dominis
700 2388 852 2468 Cyrrhae,-
874 2384 1030 2479 Nysaeque
1049 2375 1196 2474 feruntur

264 2529 282 2559 ε
305 2497 435 2569 Pectora
460 2524 581 2592 vestra,
603 2512 675 2576 duas
695 2511 756 2568 non'
777 2504 976 2572 admittentia
997 2499 1106 2577 curas?

246 2599 248 2604 ¹
307 2603 438 2709 Magnae
461 2628 575 2693 mentis
596 2644 688 2714 opus,
702 2640 762 2686 nec
780 2621 820 2688 de
843 2621 945 2689 lodice
965 2625 1099 2714 paranda

68 2762 74 2777 ·
178 2761 187 2780 s
295 2718 486 2825 Attonitae,
509 2749 614 2810 currus
621 2773 632 2819 ,·
655 2735 691 2802 ἀ
713 2758 828 2827 equos,
851 2737 1005 2831 faciesque
1026 2732 1155 2810 deorum

306 2845 497 2940 Adspicere,
517 2857 551 2924 dc
572 2853 670 2942 qualis
693 2851 849 2922 Rutulum
870 2842 1039 2928 confundat
1059 2859 1218 2940 Erinnys.·
1295 2927 1296 2942 χ

201 2975 220 3016 0
303 2953 404 3053 Nam,
426 2972 449 3038 si
472 2967 607 3061 Virgilio
629 2969 765 3063 puer&
786 2974 947 3043 tolerabile
968 2965 1090 3044 deesset
1295 2973 1296 2980 '

303 3071 504 3178 Hospitium,
525 3071 674 3157 caderent
697 3111 803 3157 omnes
826 3116 844 3159 a
865 3079 997 3159 crinibus
1019 3078 1124 3170 hydrit'

302 3187 401 3271 Surda
416 3204 490 3270 nihil
505 3224 648 3294 gemeret
663 3207 908 3299 gravebuccina'.¹
930 3195 1107 3288 Poscimus,
1128 3206 1214 3273 ut'sit'
1294 3201 1295 3260 l

301 3315 375 3384 Non
396 3323 497 3385 minor·
517 3318 645 3413 antiquo
668 3322 835 3394 Rubrenus
855 3325 962 3413 Lappa
984 3309 1158 3406 cothurno,

299 3419 399 3512 Cujus·
418 3430 454 3503 δι’
476 3436 632 3526 alueolos,
655 3439 690 3511 dt
712 3443 823 3511 laenam
843 3425 989 3535 pignerat?
1012 3436 1148 3510 Atreust
