2634 3934
296 277 357 325 sm
532 238 956 332 lUVENALlS

290 399 323 466 hi
357 400 485 463 numina
508 394 581 483 sore
609 393 780 462 exorabilis
805 393 1010 481 persuadent,
1040 385 1117 458 'cum
1141 395 1218 494 iliis

290 519 449 602 ignoscere
466 509 622 601 peculiare
643 514 705 577 sit:
735 509 885 595 multique
911 489 1038 578 diuerso
1062 507 1132 595 fato
1163 531 1215 575 ea*

289 632 360 699 dem
382 632 577 698 committunt
599 631 751 712 crimina,
772 630 836 708 ita,
858 644 912 707 nt,
933 630 987 710 qui
1009 647 1100 693 unum
1118 626 1215 691 idem-

290 766 351 831 que
372 747 565 810 commiserit
586 747 705 809 crimen
726 764 795 811 cum
813 744 906 824 alio,
935 742 1103 808 diademate
1124 764 1213 809 coro-

289 877 402 937 netur,
432 858 514 923 alius
536 863 622 924 cruci
642 858 824 946 suffigatur.
855 861 934 945 ,Qun
962 879 1030 927 cum
1060 861 1105 922 ita
1127 862 1214 939 sint,

286 978 420 1063 gemitus
451 974 595 1064 deponere
623 974 789 1054 admonet,
824 996 894 1041 cum
920 978 988 1041 uiri
1017 972 1211 1062 flagrantior

288 1113 377 1178 aquo
398 1089 488 1159 dolor
508 1112 575 1167 esee
597 1112 657 1158 non
684 1088 808 1171 deheat,
835 1090 1060 1175 claudendaque
1088 1092 1132 1157 slt
1157 1093 1212 1173 je-

289 1229 350 1272 nua
370 1225 490 1294 accepto
520 1210 650 1289 damno,
680 1229 717 1275 nt
745 1207 860 1274 similis
890 1206 1036 1273 videatur
1065 1208 1126 1285 lis,
1155 1209 1213 1290 qui

288 1324 408 1404 majore
429 1324 563 1387 tumultu
586 1323 737 1413 plangunt
768 1344 929 1405 nummos,
960 1341 1051 1406 quant
1074 1320 1213 1407 fisneta,

288 1441 320 1502 in
343 1434 454 1522 quihus
471 1438 619 1522 pleraque
634 1433 733 1517 filia,
763 1453 796 1500 at
825 1442 860 1502 in
881 1435 937 1503 hoc
957 1458 1032 1501 casu
1056 1436 1213 1522 ploratur

287 1552 436 1634 lucrymis
458 1555 576 1619 amissa
595 1553 724 1640 pecunia
744 1555 853 1635 utrisq
882 1572 933 1616 nec
954 1554 1037 1614 tanti
1058 1541 1213 1617 criminis

287 1670 435 1736 ultionem
466 1673 628 1755 requirere
658 1668 807 1755 undique,
836 1686 904 1735 cum
934 1679 1053 1752 semper
1075 1664 1213 1754 depositi

281 1784 412 1867 jallure
425 1803 582 1865 maneret,
604 1784 801 1871 vindiduque
817 1787 915 1871 exigui
931 1781 1123 1870 foemineique
1137 1787 1210 1848 ani-

284 1902 331 1965 mi
360 1899 525 1982 uoluptas,
557 1921 615 1964 non
644 1898 778 1965 hominis
806 1894 1007 1987 Philosophi,
1036 1891 1083 1964 ut'
1098 1899 1209 1965 uidere

176 2016 182 2038 ³
285 2013 388 2083 estin
410 2006 604 2102 Chrysippo,
629 2011 772 2092 Thalete,
794 2023 945 2094 socrate,
969 2016 1024 2096 qui
1046 2031 1206 2081 aecusato-

177 2210 179 2212 ‚
285 2128 317 2191 ri
335 2140 462 2214 partem
484 2142 613 2215 acceptae
634 2131 740 2195 citntae
762 2128 838 2195 dare
858 2125 1025 2195 noluisset.
1047 2134 1136 2197 satis
1153 2152 1203 2196 es-

222 2259 224 2264 ’
283 2265 318 2308 se
346 2259 506 2331 poenarum
536 2241 652 2311 homini
680 2243 833 2312 scelerato
861 2248 998 2316 animum
1028 2250 1201 2327 conscium,
1305 2333 1306 2336 Ἴ

282 2361 371 2442 cnjus
391 2360 460 2425 sola
480 2359 625 2426 voluntas
644 2363 770 2446 patitur
791 2376 918 2448 poenus,
950 2360 993 2438 dp»
1013 2366 1131 2429 crimen
1153 2364 1200 2427 in·
1305 2375 1306 2378 ’

281 2493 338 2541 tra
359 2496 392 2543 se
413 2491 587 2562 conceptum
601 2473 681 2562 falli
703 2478 819 2543 crimen
840 2473 967 2560 habeat3
996 2497 1112 2563 quanto
1132 2496 1200 2543 me»

277 2599 329 2679 gis
351 2593 472 2680 igitur,
493 2595 524 2656 si
543 2609 651 2660 conata
671 2597 844 2683 peregerit.
864 2597 952 2661 Licet
974 2598 1055 2662 enim
1074 2618 1094 2661 a
1111 2609 1199 2683 pre·

280 2725 352 2771 tore
379 2707 539 2773 absolutus
568 2713 631 2792 sis,
661 2726 764 2777 tamen
792 2731 825 2775 se
849 2709 953 2796 jndice
982 2731 1067 2778 nomo
1089 2731 1199 2777 nocens
1235 2746 1238 2753 ·
1305 2729 1306 2736 ¹

278 2818 475 2900 absolvitur,
500 2822 542 2898 lot
560 2828 671 2913 prima
691 2841 739 2890 est
762 2824 839 2893 ultio
861 2822 995 2892 hominis
1008 2824 1198 2915 facinorosi,

278 2937 362 3021 quod
369 2937 511 3024 primum
522 2941 586 3025 ipsi
597 2944 768 3028 proprium
781 2940 923 3030 displicet
936 2946 1072 3010 crimen:
1087 2963 1195 3029 quam·

275 3056 349 3132 etis,
368 3067 490 3140 prater
512 3050 589 3117 hane
616 3058 824 3122 conscientia·
836 3072 978 3145 ponam,
1006 3084 1026 3122 a
1048 3059 1110 3125 diis
1127 3057 1195 3142 jam

276 3173 376 3234 missa
393 3172 528 3257 gravior
541 3185 630 3256 poena
641 3169 740 3237 malos
753 3190 895 3255 ntaneut,
913 3178 1117 3264 potissimum
1131 3191 1194 3256 eos,

275 3287 330 3369 qui
345 3282 459 3369 fraude
479 3284 632 3372 sacrilega
652 3283 714 3350 sihi
729 3284 1089 3383 depositumahnegante
1113 3291 1195 3375 quod

269 3398 386 3485 prohat
408 3401 544 3495 exemplo
565 3401 724 3487 cniusdam
746 3402 852 3470 Glauci
872 3409 1055 3492 spartani,
1068 3410 1123 3492 qui
1145 3425 1192 3474 too

1101 3539 1135 3596 ta
