2634 3934
337 272 343 284 ·
384 274 677 348 sarran
719 261 788 352 tuq
854 292 857 296 ’
998 280 1043 384 ‘³7

114 426 275 498 Delatore
296 426 417 511 borant:
441 430 570 522 dispersi
592 432 731 523 protinus
752 418 854 522 algae*
931 444 933 447 ·

111 546 321 638 inquisitores
355 565 488 641 agerent
518 569 590 643 cum¹
609 548 727 638 remige
749 548 865 629 nudo,

109 643 193 734 Non
214 663 382 731 dubitaturi
401 660 570 753 fugitivum
586 646 696 733 'dicere
716 664 848 753 piscem,
950 658 954 668 ’

107 779 355 870 Depastumque
375 777 430 842 diu
451 778 564 845 vivaria
584 776 731 847 Caesaris:
752 780 825 849 inde

105 897 267 988 Elapsum
290 911 430 961 veterem
452 895 490 962 ad
512 895 668 964 dominum
689 897 802 964 debere
823 888 961 969 reverti?

104 1013 151 1082 Si
186 1011 261 1101 quid
283 1006 436 1095 Palfurio,
457 1012 483 1077 si
502 1015 655 1081 credimus
677 1009 866 1095 Armillato,
909 1046 911 1049 ·

105 1125 274 1220 Qridquid
287 1130 502 1219 conspicuum,
516 1131 741 1222 pulchrumque
754 1150 802 1197 est
816 1144 939 1221 aequore
953 1116 1043 1214 toto,

105 1242 184 1317 Res
204 1242 266 1310 fisci
287 1265 354 1329 est,
378 1248 551 1335 ubicunque
572 1265 677 1343 natat:
700 1248 861 1315 donabitur
883 1272 980 1340 ergo,

62 1411 66 1416 ι
104 1360 165 1430 Ne
187 1380 316 1450 pereat,
339 1367 401 1444 jam
422 1358 569 1430 lethifero
590 1363 723 1432 cedente
745 1360 859 1454 pruinis

105 1475 298 1562 Autumno,
319 1482 381 1561 iam
402 1497 582 1571 quartanam
603 1482 794 1574 sperantibus
815 1483 923 1575 aegris.

104 1593 269 1665 Stridebat
290 1593 435 1663 deformis
457 1599 572 1678 hiems,
595 1600 792 1686 praedamque
814 1602 988 1665 recentem

106 1711 279 1778 Servabat:
302 1706 408 1771 tamen
420 1706 470 1771 bic
484 1723 651 1795 properat,
675 1708 761 1771 velut
776 1723 885 1798 urgeat
901 1706 1039 1773 Auster.
1095 1756 1096 1759 ,

107 1821 229 1914 thue
243 1821 325 1887 lacus
338 1821 500 1904 suberant,
514 1822 582 1905 ubi,
602 1844 776 1912 quanquam
797 1824 915 1908 diruta,
938 1841 1040 1890 servat

102 1936 227 2032 Ignem
251 1936 440 2022 Troianum,
462 1937 651 2010 &Vestam
673 1938 749 2006 colit
771 1938 853 2008 Alba
875 1941 1037 2024 minorem,

106 2056 247 2125 Obstitit
267 2056 397 2123 intranti
420 2056 671 2124 miratrirturba
693 2080 876 2149 parumper,

106 2167 164 2243 Ut
186 2173 292 2240 cessit:
314 2170 398 2240 facili
419 2192 588 2267 patuerunt
610 2173 733 2242 cardine
755 2177 870 2242 valvae.

68 2375 72 2382 ,
107 2289 235 2362 Patebat
255 2289 394 2391 spedant
415 2290 541 2359 admissa
561 2292 684 2382 opsonia
705 2269 830 2382 patresssv

106 2404 179 2475 Itur
200 2407 237 2474 ad
260 2404 443 2476 Atreidem.
467 2407 553 2477 Turn
574 2407 701 2479 Picens:
724 2410 847 2502 accipe,
868 2407 967 2491 dixit,

106 2523 242 2594 Privatis
263 2529 375 2608 majora
395 2522 487 2613 focis3
510 2527 638 2618 genialis
658 2544 769 2618 agatur
1023 2514 1028 2523 ⁴

107 2640 175 2708 late
197 2638 281 2719 diet,
302 2663 432 2728 propera
452 2643 643 2706 stomachum
665 2644 768 2709 laxare
790 2645 925 2734 saginis,

108 2755 153 2825 Et
176 2772 230 2822 tua
252 2772 406 2822 servatum
428 2778 571 2825 consume
592 2757 624 2823 in
647 2759 748 2825 secula
770 2759 944 2827 rhombum.

108 2871 180 2963 Ipse
202 2872 270 2962 capi
293 2872 407 2940 voluit.
430 2875 516 2966 Qrid
538 2876 693 2966 apertius?
717 2875 877 2961 &tamen
899 2878 946 2944 illi

107 2988 283 3082 Surgebant
306 2989 427 3058 cristae.
450 2992 630 3076 Nnnast,
650 2994 732 3084 quod
753 2996 881 3065 credere
903 2996 997 3060 dese

109 3104 180 3173 Non
202 3108 316 3198 possit,
337 3130 410 3176 cum
432 3110 573 3177 laudatur
593 3108 660 3178 DIs
681 3133 768 3202 aequa
789 3131 939 3206 potestas.

108 3221 171 3291 Sed
186 3224 301 3314 ,deerat
323 3226 399 3317 pisci
422 3230 536 3319 patine
558 3251 716 3297 mensura.
739 3232 904 3301 Vocantur

108 3336 196 3429 Ergo
217 3341 249 3405 in
270 3343 432 3413 consilium
454 3369 617 3438 proceres,
639 3369 715 3440 quos
737 3348 845 3413 oderat
867 3343 940 3430 iile3

87 3452 144 3521 ‘In
167 3476 296 3546 quorum
317 3458 395 3529 facie
417 3466 558 3548 niiserae,
582 3486 766 3557 magnasque
788 3460 913 3528 sedebat
1018 3445 1040 3493 Ψ

672 3578 742 3656 Ca
