2634 3934
317 274 375 332 ηε
564 246 990 344 Jove-unns

309 404 426 479 Refert
441 427 537 501 ergo,
557 404 624 496 quis
640 402 707 470 haec
728 403 836 471 eadem
858 419 964 493 paret:
988 402 1021 469 in
1034 398 1161 470 Rutilo
1177 426 1245 473 nan

309 523 449 594 Luxuria
471 538 537 610 est3
558 521 590 586 in
612 518 766 591 Ventidio
787 519 936 586 landabile
958 540 1073 592 nomen
1302 515 1303 610 i

308 642 432 723 Sumit,
452 636 488 705 dt
501 661 519 704 a
532 659 627 706 censu
647 635 759 706 famam
775 636 885 705 trahit.
908 634 1001 703 Illum
1023 658 1084 727 ego
1110 638 1189 717 iure

309 756 506 846 Despiciam,
526 756 581 844 qui
603 755 681 837 scit,
702 772 818 844 quanto
832 753 993 826 ‚sublimior
1014 746 1115 818 Atlas

308 869 460 964 Omnibus
482 869 514 938 in
528 867 626 948 Libya
648 869 688 934 sit
709 870 877 936 montibus:
902 870 951 937 hic
964 885 1069 936 tamen
1094 866 1189 935 idem

307 984 461 1081 Ignorec‚
483 1001 635 1077 quantum
656 980 771 1051 ferrata
793 985 889 1051 distet
907 987 944 1052 ab
965 1008 1035 1053 arca

308 1104 472 1173 sacculus.
494 1101 524 1169 Ε
543 1101 626 1170 corio
647 1098 804 1167 descendit
825 1092 942 1188 yrum
968 1091 1140 1185 cruuso'r,

309 1219 504 1312 Figendum,
526 1217 561 1286 dt
582 1217 712 1284 memori
734 1215 921 1285 traciandum
943 1216 1086 1305 pedore,
1112 1218 1186 1290 siv'e

306 1332 497 1424 Coniugium
518 1355 655 1423 quaeras,
678 1335 727 1403 vel
750 1335 825 1401 sacri
847 1335 879 1401 in
901 1350 990 1423 parte
1012 1349 1145 1406 senatus

305 1448 382 1519 Esse
405 1448 495 1515 veiis.
518 1445 586 1515 Nec
607 1449 691 1517 enim
713 1448 839 1523 loricam
861 1451 960 1537 poscit
978 1444 1116 1515 Achillis
1304 1441 1305 1522 i

306 1561 491 1648 Thersites,
511 1563 543 1630 in
565 1584 624 1653 qua
645 1583 677 1632 se
700 1562 914 1638 transducebat
936 1559 1083 1641 Ulysses:
1149 1588 1153 1594 ·

290 1680 510 1774 ,Ancipitem3
532 1702 587 1747 seu
609 1696 644 1756 tu
658 1700 770 1772 magno
790 1678 963 1749 discrimine
976 1691 1111 1770 caussam

306 1796 482 1892 Protegere
504 1795 640 1883 affudias3
665 1814 698 1882 te
719 1798 864 1879 consule,
885 1794 934 1866 dic
956 1794 1028 1876 tibi,
1048 1793 1117 1884 quis
1141 1794 1204 1878 sis,
1304 1819 1305 1822 ¹

305 1912 429 1978 Orator
452 1913 635 1990 vehemens,
657 1934 696 1975 an
712 1907 841 1982 Curtius
863 1910 897 1978 dc
911 1910 1026 1978 Matho
1048 1910 1174 1980 buccae.

305 2023 478 2093 Nosceuur
499 2039 548 2087 est
570 2019 712 2090 mensura
732 2025 801 2106 sui,
823 2025 1041 2114 spedandaque
1062 2027 1158 2096 rebus

303 2137 342 2208 In
357 2137 499 2221 summis,
520 2134 735 2226 minimisque:
758 2138 938 2217 etiamtum
953 2140 1043 2230 piscis
1058 2161 1205 2223 emetur,
1305 2155 1306 2162 ’

302 2254 354 2327 Ne
376 2257 506 2327 mullum
526 2252 647 2344 cupias,
668 2277 739 2329 cum
759 2256 799 2322 sit
820 2253 875 2332 tibi
896 2256 985 2350 gobio
1008 2274 1133 2325 tantum

213 2355 215 2364 ὦ
302 2369 340 2444 In
363 2351 486 2439 loculis'.
508 2369 586 2459 Quis
607 2371 691 2442 enim
712 2386 746 2439 te
767 2369 931 2444 deficiente
952 2394 1120 2457 crumena,

302 2487 347 2557 Et
369 2502 527 2561 crescente
549 2485 641 2578 gula,
664 2502 769 2553 manet
790 2486 908 2576 exitus3
931 2510 994 2554 aere
1008 2506 1163 2578 paterno,

214 2668 217 2674 ,
301 2599 355 2672 Ac
378 2604 466 2671 rebus
488 2603 594 2672 mersis
615 2604 647 2670 in
670 2621 831 2690 ventrem,
851 2602 980 2676 foenoris
1001 2623 1095 2695 atque

300 2718 439 2809 Argenti
453 2723 572 2811 gravis,
594 2719 628 2790 dc
642 2743 815 2810 pecorum,
835 2743 1040 2815 agrorumque
1053 2718 1216 2812 capacem?

221 2877 223 2882 -
300 2828 427 2897 Talibus
446 2857 465 2898 a
486 2835 616 2903 dominis
638 2852 707 2924 post
729 2835 832 2908 cundia
855 2838 1029 2908 novissimus
1050 2837 1115 2905 exit

300 2944 464 3028 Annulus,
486 2947 521 3015 dc
542 2950 642 3043 digito
663 2943 815 3028 mendicat
837 2952 938 3022 Pollio
961 2955 1057 3023 nudo.

299 3063 370 3139 Non
392 3067 571 3156 praematuri
591 3066 738 3149 cineres,
759 3090 816 3143 uec
837 3067 925 3136 funus
946 3072 1087 3140 acerbum

297 3178 462 3268 Luxuriaeq
483 3181 536 3248 sed
556 3196 659 3247 morte
682 3183 778 3275 magis
800 3186 963 3262 metuenda
985 3185 1138 3254 senetius.

296 3294 347 3362 Hi
370 3299 541 3389 plerunque
563 3295 690 3391 gradus:
712 3300 859 3380 concludio
878 3303 1005 3392 pecunia
1026 3300 1155 3383 Romae,

295 3408 341 3516 Et
363 3436 466 3486 coram
488 3413 617 3491 dominis
637 3417 844 3506 consumitur3
865 3416 936 3486 inde
951 3418 999 3490 ubi
1014 3418 1167 3510 paullum,

1044 3530 1154 3603 Nescio
