2634 3934
230 218 351 332 ’,μ
536 198 966 328 Juvuunnrs

286 394 453 467 Clauditur
474 391 605 461 adversis
626 388 749 457 innoxia
771 391 856 457 simia
877 386 964 456 satis.

287 513 372 584 Haec
390 506 484 603 quota
496 531 566 601 pars
580 508 752 591 scelerum,
766 529 835 599 quae
849 525 951 573 eustos
964 504 1118 574 Gallicus
1128 502 1222 575 Urbis

289 628 402 721 Usque
423 622 623 709 aLucifero,
645 625 744 693 donec
767 626 821 692 lux
843 624 981 708 occidat,
1002 624 1127 692 audit?

290 747 434 815 Humani
454 745 578 835 generis
599 763 702 810 mores
725 714 783 809 ibi
804 763 891 810 nosse
913 741 1035 809 volenti

290 860 409 935 Sufficit
431 881 491 926 una
513 859 637 944 domus3
660 881 771 949 paucos
792 881 938 927 consume
960 858 1047 941 dies,
1073 854 1112 924 dt
1141 907 1143 912 -
1283 904 1285 969 q

291 978 408 1048 Dicere
430 993 465 1044 te
488 975 651 1057 miserum,
673 992 835 1064 postquam
857 976 944 1043 illinc
967 974 1118 1055 veneris,
1142 970 1220 1037 audo
1284 982 1286 1029 l

292 1094 372 1187 Quis
394 1092 546 1161 tumidum
568 1104 680 1186 guttur
701 1091 831 1158 miretur
852 1089 885 1157 in
899 1088 1057 1182 Alpibus?
1082 1100 1143 1157 a'ut
1163 1086 1223 1177 quis

292 1212 331 1279 ln
349 1210 467 1278 Meroe
488 1233 588 1278 crasso
608 1211 758 1292 majorem
779 1204 897 1302 insonte
919 1207 1123 1277 mamillam?

292 1324 420 1421 Corruit
442 1329 510 1416 quis
532 1326 651 1417 stupuit
675 1326 827 1393 Germani
849 1326 989 1408 lumina,
1011 1323 1134 1392 flavam

291 1441 482 1523 Caesariem,
504 1440 671 1508 &madido
685 1456 884 1528 torquentem
904 1464 1020 1506 cornua
1041 1442 1158 1507 citro?

294 1560 417 1649 Nempe
439 1557 520 1648 quod
542 1555 608 1637 bac
630 1552 690 1622 illis
712 1571 820 1622 natura
841 1554 889 1621 est
910 1553 1050 1620 omnibus
1075 1575 1162 1619 una.

295 1675 351 1744 Ad
366 1675 477 1742 subitas
493 1669 650 1741 Thracum
666 1672 826 1754 volucres,
849 1671 1020 1761 nubemque
1032 1682 1193 1741 'sonoram

296 1788 462 1883 Pygmaeus
484 1790 585 1882 parvis
605 1791 705 1858 currit
726 1790 858 1857 bellator
878 1788 912 1855 in
934 1787 1044 1855 armis:

193 1958 196 1965 i
296 1905 378 1971 Mox
400 1907 499 1991 impar
518 1906 618 1988 hosti,
641 1923 807 1994 raptusque
828 1928 885 1995 per
904 1928 976 1973 aera
996 1904 1105 1971 curvis

297 2013 466 2105 Unguibus
486 2038 504 2082 a
525 2037 607 2083 saeva
629 2015 730 2083 fertur
751 2042 844 2110 grue.
867 2021 901 2086 Si
924 2022 1024 2088 videas
1048 2022 1110 2089 hoc

297 2129 451 2198 Gentibus
472 2130 504 2198 in
528 2131 657 2216 uostris,
681 2132 745 2199 risu
767 2135 920 2224 quatiere:
944 2135 997 2202 sed
1021 2135 1111 2221 illic,

297 2248 484 2340 anquam
499 2251 607 2318 eadem
622 2248 740 2319 assidue
752 2251 927 2341 spebleutur
942 2254 1072 2342 prelia,
1097 2252 1176 2321 ridet

247 2449 252 2457 ι
297 2362 417 2446 Nemo,
441 2365 492 2431 ubi
514 2381 582 2431 tota
600 2366 710 2433 cohors
731 2366 812 2455 pede
834 2391 896 2433 non
918 2386 967 2435 est
988 2370 1087 2438 altior
1110 2390 1184 2436 uno·

357 2480 492 2549 Nullane
513 2480 630 2572 periuri
649 2479 778 2571 capitis,
799 2478 971 2575 fraudisque
993 2482 1138 2555 nefandae
1165 2516 1169 2525 ·

298 2594 398 2684 Poena
412 2599 494 2669 erit?
517 2599 677 2692 abreptum
699 2601 792 2668 crede
814 2601 894 2668 bunc
916 2604 1057 2696 graviore
1082 2619 1188 2671 catena

297 2710 463 2796 Protinus,
484 2713 520 2783 dc
532 2734 637 2782 nostro
660 2717 754 2805 (quid
773 2719 842 2808 plus
857 2720 934 2785 velit
948 2721 1036 2807 irai)
1058 2714 1163 2788 necari

297 2822 457 2895 Arbitrio.
479 2829 596 2900 Manet
616 2831 671 2898 illa
692 2848 798 2906 tannen
820 2832 952 2920 jadera,
974 2859 1030 2906 nec
1053 2851 1184 2925 unquam

297 2941 484 3035 Depositum
505 2948 560 3014 tibi
581 2971 684 3039 sospes
708 2950 861 3019 eritrsed
883 2972 1013 3044 corpore
1036 2971 1144 3021 trunco

295 3055 450 3130 Invidiosa
470 3061 553 3129 dabit
576 3065 719 3132 minimus
741 3066 849 3133 solatia
869 3070 1009 3163 sanguis.

296 3173 346 3244 At
367 3202 511 3249 uuorcrn
533 3180 644 3246 bouum
666 3182 730 3252 vita
752 3186 911 3265 jucundius
931 3187 1010 3278 ipsa:

294 3289 416 3386 Nempe
436 3291 496 3368 hoc'
516 3296 645 3382 indocti,
668 3321 800 3389 quorum
821 3304 989 3394 praecordia
1010 3304 1103 3371 nullis

292 3399 476 3506 Interdum,
497 3435 550 3491 aut
571 3417 688 3488 levibus
710 3418 812 3493 videas
834 3420 997 3515 flagrantia
1017 3408 1142 3492 caussis.
