2634 3934
314 271 354 326 n
554 245 980 345 Juusunurs

309 400 415 496 Quid,
437 426 499 471 non
520 401 708 491 proclames,
729 399 761 467 in
783 421 912 490 corpore
932 399 1042 487 Judicis
1064 399 1135 473 isto
1301 496 1302 499 Ἴ

308 520 343 590 Si
365 518 486 589 videas?
507 537 632 609 quaero,
653 518 842 590 andeceant
863 516 999 588 multicia
1019 524 1174 593 testem?

309 640 416 718 Acer,
437 633 473 703 ἀ
493 632 675 717 indomitus,
694 633 904 724 libertatisque
925 635 1071 730 magister
1301 708 1302 711 Ἴ

306 734 455 833 Cretico,
478 750 631 842 perluces!
655 749 762 819 Duum
784 749 862 818 banc
884 751 1025 845 contagio
1045 751 1184 837 labem,
1301 794 1302 849 p

306 867 352 940 Et
371 860 454 937 dabit
475 866 507 931 in
529 865 658 956 plureis:
681 865 759 934 sicut
782 888 860 957 grex
883 883 967 939 totus
988 868 1021 940 io
1041 868 1131 959 agris
1301 888 1302 891 ’

232 1070 243 1079 “
305 979 411 1054 Unius
433 981 531 1050 scabie
551 980 652 1064 cadit,
673 977 709 1054 ἃ
730 980 887 1072 porrigine
909 984 1015 1071 porci,

306 1097 443 1181 UquJu
464 1098 623 1190 conspedia
644 1095 773 1169 livorem
793 1095 880 1162 ducit
901 1099 938 1162 ab
959 1122 1036 1167 uva.
1146 1137 1150 1143 ·

304 1214 431 1286 Foedius
452 1215 509 1286 boc
530 1213 644 1307 aliquid
667 1211 846 1303 quandoque
866 1210 987 1293 audebis
1008 1213 1140 1287 amidio:
1188 1234 1191 1239 ⁴
1263 1274 1265 1276 ,
1301 1254 1302 1319 3

304 1329 408 1401 Nemo
429 1349 562 1418 repente
582 1328 642 1403 fuit
663 1329 866 1418 turpissimus.
889 1323 1056 1418 Accipient
1079 1347 1115 1399 te

301 1442 486 1526 Paullatim,
506 1445 560 1538 qui
580 1447 674 1534 longa
695 1443 779 1510 domi
799 1444 974 1511 redimicula
995 1462 1119 1517 sumunt

301 1561 482 1644 Frontibus,
503 1558 539 1628 dt
560 1572 629 1626 toto
651 1578 778 1648 posuere
801 1555 924 1623 monilia
945 1558 1045 1639 collo,

303 1676 413 1773 Atque
434 1679 552 1750 Bonam
572 1695 691 1745 tenerae
713 1676 835 1766 placant
855 1673 1012 1743 abdomine
1033 1695 1158 1765 porca,

301 1795 347 1864 Et
368 1818 481 1888 magno
501 1813 623 1865 cratero
644 1791 765 1864 Deam:
787 1790 839 1860 sed
862 1814 949 1865 more
969 1789 1092 1858 sinistro

299 1909 469 1997 Exagitata
492 1909 597 1994 procul
619 1928 681 1968 non
702 1908 799 1970 intrat
819 1903 948 1973 foemina
968 1909 1081 1987 limen.

299 2019 380 2091 Solis
399 2041 453 2087 ara
474 2017 556 2087 Deae
576 2017 705 2087 moribus
727 2032 831 2109 patet.
853 2018 905 2082 Ite
927 2009 1096 2106 profanans

299 2136 481 2209 Clamatur:
504 2135 590 2206 nullo
611 2134 710 2227 gemit
733 2132 801 2198 heic
822 2131 944 2199 tibicina
964 2154 1080 2206 cornu.

300 2252 391 2323 Talia
412 2246 531 2327 secreta
552 2251 715 2318 coluerunt
736 2247 837 2339 Orgia
861 2246 943 2316 taeda

299 2370 483 2457 Cecropiam
517 2366 598 2433 soliti
626 2364 736 2454 Raptae
758 2365 868 2433 lassare
887 2361 1041 2447 Cotytto.

298 2483 359 2552 Ille
380 2480 574 2572 supercilium
594 2478 712 2548 madida
733 2475 863 2574 fuligine
884 2481 997 2553 tanum

297 2598 433 2690 Obliqua
454 2588 594 2691 producit
614 2615 691 2681 aeut,
711 2597 873 2692 pingitque
894 2601 1077 2670 trementeis

296 2711 460 2784 Attollens
480 2716 598 2782 oculos:
621 2712 721 2781 uitreo
742 2715 815 2784 bibit
836 2716 890 2785 illo
910 2714 1042 2813 Priapo,

296 2829 539 2919 Reticulumque
560 2828 653 2899 comis
673 2846 811 2898 auratum
832 2832 1005 2924 ingentibus
1024 2832 1155 2925 implet,

294 2944 446 3016 Coerulea
467 2946 589 3018 indutus
610 2948 780 3032 scutulata,
801 2966 855 3016 aut
877 2951 998 3041 galbina
1018 2972 1105 3034 rasa,

295 3061 340 3131 Et
361 3083 419 3154 per
440 3061 589 3150 Iunonem
611 3065 725 3134 domini
746 3067 868 3145 jurante
889 3065 1044 3134 ministro.
1176 3110 1180 3117 ·

293 3176 355 3249 Ille
377 3196 466 3267 tenet
487 3166 662 3272 specblum,
681 3174 794 3267 pathici
816 3194 973 3270 gestamen
995 3176 1152 3271 Othonis,
1199 3208 1201 3213 ¹

208 3314 213 3321 '
293 3292 417 3365 Adoris
437 3291 579 3367 Aurunci
598 3294 742 3383 spolium:
763 3315 826 3385 quo
845 3313 878 3358 se
898 3293 953 3371 ille
975 3293 1096 3368 videbat

294 3410 480 3521 Armorum,
501 3432 572 3513 cum
593 3413 655 3491 jam
676 3407 744 3479 tolli
766 3407 877 3495 uexillo
898 3410 1035 3497 juberet.

1086 3530 1153 3602 Res
