2634 3934
277 310 317 379 36
505 290 955 382 ¹JUVENALIS

273 444 357 536 Qnae
379 443 504 513 vehitur
524 446 626 513 clauso
647 445 719 512 latis
739 446 942 537 specularibus
963 458 1078 510 antro.

273 557 329 630 Nil
352 561 417 628 tale
439 561 610 653 exspedies:
633 563 711 631 emit
733 563 804 631 sibi.
827 561 934 629 Multa
957 560 1131 641 videmus,

271 675 377 769 Qu,
397 677 487 745 miser
503 675 543 746 ‚dt
565 675 680 779 frugi,⁴
693 705 753 748 non
775 677 852 749 fecit
875 673 1019 770 Apicius:
1042 675 1113 742 hoc
1139 690 1181 740 tu

271 790 447 863 succinum
467 796 568 886 patria
590 796 763 886 quondam,
786 797 952 886 Crimine,
973 790 1119 884 papyros.

272 904 349 976 Hoc
371 907 474 1001 pretio
496 915 651 1001 squamae?
675 912 778 1001 potuit
801 910 931 979 fortasse
952 908 1078 976 minoris

238 1075 246 1083 -
271 1022 432 1110 Piscator,
455 1019 548 1119 quam
570 1026 678 1120 piscis,
700 1027 779 1094 cmi.
804 1025 966 1095 Provincia
989 1025 1071 1093 tanti

271 1136 397 1212 Vendit
419 1166 525 1237 agros:
547 1144 601 1212 sed
624 1147 754 1226 majores
776 1139 892 1237 Apulia
916 1142 1041 1209 vendit.

270 1257 400 1347 Qaleis
421 1276 499 1329 tunc
519 1262 626 1353 epulas
648 1264 748 1355 ipsum
770 1262 897 1355 glutisse
919 1276 1062 1351 putamus

269 1371 551 1463 Induperatorem?
572 1400 663 1461 cum,
685 1395 735 1444 tot
757 1379 916 1458 sestertia,
938 1392 1061 1467 partem
1103 1382 1106 1388 '

269 1487 442 1583 Exiguam,
464 1488 501 1559 dt
521 1494 650 1559 modicae
671 1509 803 1591 sumtam
825 1493 865 1556 de
886 1493 1025 1582 margine
1045 1511 1156 1556 coenae

269 1601 447 1701 Purpureus
468 1607 572 1703 magni
594 1585 720 1679 rudiaris
742 1629 845 1677 scurra
867 1603 990 1693 Palat13

270 1724 337 1813 Jam
359 1726 503 1818 princeps
524 1728 684 1819 equitum,
706 1745 817 1820 magna
838 1725 890 1817 qui
912 1745 986 1790 voce
1004 1713 1124 1788 ‘solebat

269 1840 422 1913 Vendere
442 1845 612 1933 municipes
631 1842 719 1933 palia
740 1842 884 1911 mercede
905 1841 1032 1909 siluros?

269 1954 378 2042 Incipe
399 1954 549 2041 Callope,
571 1956 647 2019 licet
669 1953 705 2020 dc
726 1944 903 2023 considere:
926 1981 986 2023 non
1009 1973 1059 2022 est

268 2067 489 2150 cantandum,
510 2089 561 2135 res
581 2090 653 2137 vera
675 2070 796 2160 agitur.
821 2069 955 2137 Narrate
976 2071 1091 2158 puellae

268 2183 423 2254 Pierides:
446 2185 543 2278 prosit
565 2184 640 2253 mibi
660 2207 713 2252 vos
734 2186 843 2253 dixisse
869 2185 1003 2278 puellas.

326 2301 412 2375 Cum
432 2305 493 2385 iam
514 2304 725 2370 semianimum
747 2305 899 2370 laceraret
921 2301 1045 2370 Flavius
1066 2304 1172 2371 orbem

268 2415 431 2500 Ultimus,
452 2417 487 2484 dt
507 2420 595 2485 calvo
615 2420 748 2487 serviret
768 2418 870 2487 Roma
892 2418 1030 2501 Neroni,

159 2570 168 2603 .·
267 2530 382 2601 Incidit
403 2528 530 2604 Adriaci
550 2536 683 2628 spatium
704 2538 879 2606 admirabile
901 2534 1018 2603 rhombi

267 2643 359 2718 Ante
380 2651 667 2741 domumVeneris‚
689 2679 781 2749 quam
789 2656 906 2726 Dorica
927 2654 1058 2722 sustinet
1066 2647 1192 2737 Ancon,

267 2763 475 2860 implevitque
497 2772 593 2840 sinus:
616 2775 824 2864 nequeenim
846 2774 945 2840 minor
966 2771 1096 2838 haeserat
1109 2769 1190 2856 illis,

264 2882 354 2975 Quos
374 2887 477 2973 operit
499 2888 614 2980 glacies
635 2887 809 2974 Maeotica,
832 2908 983 2982 ruptaque
1006 2886 1132 2955 tandem

263 3000 385 3070 Solibus
405 2999 535 3093 effundit
557 3010 715 3098 torpentis
729 3010 767 3078 ad
787 3009 864 3076 ostia
885 3009 974 3099 ponti

234 3162 244 3189 ι
262 3115 391 3191 Desidia
411 3105 534 3204 tardo5‚
555 3121 591 3192 dt
613 3124 709 3219 longo
730 3121 847 3216 frigore
869 3119 1029 3215 pingueiS.

251 3229 413 3308 ‘Destinat'
433 3238 490 3308 hoc
512 3257 684 3308 monstrum
703 3241 824 3333 cymbae
844 3238 960 3330 linique
980 3230 1128 3326 magiSter

259 3346 405 3425 Pontifici
427 3378 561 3424 summo.
582 3355 663 3448 Qub
683 3356 767 3424 enim
789 3376 963 3447 proponere
983 3351 1098 3436 talem,

259 3461 330 3536 Aut
351 3493 456 3551 emere
478 3474 626 3543 auderet?
649 3496 720 3542 cum
742 3474 835 3563 plena
858 3470 893 3546 dc
915 3471 1021 3543 littora
1043 3469 1143 3542 multo
