2634 3934
299 283 341 335 4⁴
549 239 978 338 IUVENALIS

294 405 500 496 Quassatam,
520 398 556 472 dr
578 416 672 490 rupto
693 414 874 490 poscentem
894 397 1143 482 sulfuratum,
1206 385 1212 394 ’

293 520 334 618 Si
350 518 521 588 stomachus
542 514 674 585 Domini
693 511 797 585 fervet
821 515 970 608 vinoque,
991 516 1150 607 ciboque:

293 619 450 732 ungium
469 633 592 702 Geticus
613 636 734 727 petitur
756 632 879 702 aecoua
900 633 1036 723 pruinis,

293 751 366 823 Non
388 750 495 820 eadem
518 753 601 818 vobis
622 751 696 843 poni
717 749 807 818 modo
829 750 898 817 vina
920 751 1080 839 querebar:

292 868 361 939 Vos
381 868 473 934 aliam
509 867 622 957 potatis
643 889 770 955 aquam.
793 861 867 932 Tibi
887 868 995 957 pocula
1016 887 1125 933 cursor

291 983 439 1052 Gaetulus
460 983 565 1066 dabir,
585 999 638 1049 aut
661 982 743 1075 nigri
763 1002 871 1049 manns
892 1004 976 1050 ossea
999 982 1134 1066 Mauri,

290 1099 337 1169 Et
359 1103 411 1168 cui
432 1124 490 1192 per
526 1100 658 1166 mediam
681 1098 758 1165 nolis
779 1120 943 1164 occurrere
964 1099 1105 1191 nollem,

290 1216 427 1286 Clivosae
450 1216 570 1284 veheris
591 1217 666 1284 dum
687 1229 744 1308 per
765 1229 964 1283 monumenta
985 1213 1140 1283 Latinae.

288 1330 362 1401 Flos
384 1329 472 1398 Asiae
494 1351 569 1400 ante
590 1335 690 1423 ipsum
712 1334 817 1422 precio
839 1338 954 1415 majore
976 1317 1123 1424 paratus,

288 1446 394 1539 Quam
428 1441 488 1512 fuit
509 1445 545 1511 dt
567 1445 657 1513 Tulli
679 1468 786 1513 census
807 1449 976 1537 pugnacis,
998 1448 1033 1515 dr
1057 1449 1174 1540 Anci:

289 1561 355 1649 Et,
376 1584 418 1631 ue
439 1577 473 1642 te
495 1581 640 1645 teneam,
663 1560 874 1630 Rornanorum
896 1563 999 1627 omnia
1019 1560 1158 1653 Regum

287 1676 431 1751 Frivola.
453 1680 548 1775 Quod
560 1704 632 1749 cum
646 1682 691 1748 ita
704 1680 764 1763 sit,
786 1677 993 1746 tuGaetulum
1000 1677 1234 1759 Ganymedem

288 1779 446 1890 Respice,
468 1822 540 1865 cum
561 1799 663 1866 sities.
687 1798 795 1868 Nescit
817 1814 867 1864 tot
888 1796 1017 1863 millibus
1037 1814 1140 1863 emtus
1189 1865 1192 1871 ,

289 1910 478 1998 Pauperibus
500 1915 631 1975 miscere
651 1934 757 1998 puers„
770 1914 823 1977 sed
845 1910 962 1994 forma,
984 1913 1037 1979 sed
1058 1893 1136 1978 etas

285 2019 394 2115 Digna
415 2022 598 2113 'supersilioa
619 2022 754 2114 Quando
776 2026 821 2090 ad
836 2042 871 2089 te
893 2027 1038 2112 pervenit
1059 2028 1137 2094 ille?
1224 2041 1227 2046 “

285 2139 422 2233 Quando
444 2155 569 2208 uocatus
589 2138 678 2206 adest
698 2139 809 2210 calida:n
826 2140 1000 2229 gelideque
1022 2117 1193 2236 minister?

237 2277 248 2290 ·
288 2256 418 2351 Quippe
442 2258 621 2350 indignatur
644 2256 744 2322 veteri
767 2277 875 2345 parere
897 2257 1024 2340 clienti,
1225 2238 1229 2249 ¹

286 2375 443 2464 Quodque
457 2374 571 2460 aliquid
587 2393 691 2459 poscas
699 2417 709 2453 ,
733 2370 862 2460 &quod
876 2394 909 2438 se
924 2390 1025 2456 stante
1038 2359 1222 2443 recumbas-4

284 2487 433 2554 Maxima
455 2469 589 2577 quaeque
611 2487 719 2554 domus
740 2487 836 2556 seruis
856 2483 905 2554 est
927 2490 1019 2580 plena
1039 2493 1197 2584 superbis.
1241 2580 1245 2585 .

209 2683 212 2692 ‚
283 2597 369 2672 Ecce
391 2602 457 2671 aliis
478 2624 594 2696 quanto
616 2606 757 2696 porrexit
777 2627 1068 2698 murmurepanem
1091 2659 1096 2668 -

282 2717 352 2789 viz
369 2719 521 2805 stadum,
542 2724 647 2789 solidae
669 2726 731 2802 jam
754 2725 875 2791 mucida
897 2722 994 2799 frusta
1013 2725 1139 2807 farine,
1307 2691 1309 2786 l

282 2834 367 2925 Qtae
388 2837 556 2927 genuinum
578 2837 702 2931 agitent
725 2863 787 2905 non
808 2840 1005 2909 admittentia
1024 2843 1178 2910 tuoruum!

282 2950 345 3020 Sed
369 2967 479 3036 tener,
501 2952 536 3022 dt
558 2955 683 3037 niveus,
705 2955 852 3049 mollique
874 2958 995 3052 siligine
1015 2957 1109 3024 ladius

282 3067 433 3137 Servatur
454 3069 595 3139 domino.
619 3071 938 3162 Dextramcolribere
958 3088 1134 3139 memento.
1244 3065 1246 3068 ’

241 3164 243 3169 ’
281 3184 371 3253 Salva
393 3187 434 3253 sit
455 3204 589 3279 artoptae
611 3189 802 3255 reverentias
826 3189 909 3282 linge
930 3208 1035 3254 tamen
1056 3203 1090 3253 te
1159 3201 1173 3208 ·

281 3298 514 3393 Improbulum3
535 3293 677 3397 superest
699 3305 854 3395 i11ic‚qui
876 3324 992 3392 ponere
1013 3319 1138 3399 cogat..

281 3416 340 3487 Vis
364 3436 399 3488 tu
422 3421 576 3492 consuetis
597 3420 693 3496 audax
715 3422 842 3496 conviva
856 3418 1003 3492 canistris
