<?xml version="1.0" encoding="UTF-8"?>
<!DOCTYPE html PUBLIC "-//W3C//DTD XHTML 1.0 Transitional//EN"
    "http://www.w3.org/TR/xhtml1/DTD/xhtml1-transitional.dtd">
<html xmlns="http://www.w3.org/1999/xhtml" xml:lang="en" lang="en">
 <head>
  <title>
</title>
<meta http-equiv="Content-Type" content="text/html;charset=utf-8" />
  <meta name='ocr-system' content='tesseract 3.04.00' />
  <meta name='ocr-capabilities' content='ocr_page ocr_carea ocr_par ocr_line ocrx_word'/>
</head>
<body>
  <div class='ocr_page' id='page_1' title='image "./djuniijuvenalis00casagoog_0212.png"; bbox 0 0 2634 3934; ppageno 0'>
   <div class='ocr_carea' id='block_1_1' title="bbox 318 238 982 333">
    <p class='ocr_par' dir='ltr' id='par_1_1' title="bbox 318 238 982 333">
     <span class='ocr_line' id='line_1_1' title="bbox 318 238 982 333; baseline -0.009 -16"><span class='ocrx_word' id='word_1_1' title='bbox 318 274 379 331; x_wconf 63' lang='lat' dir='ltr'>ru</span> <span class='ocrx_word' id='word_1_2' title='bbox 433 298 438 319; x_wconf 84' lang='grc'><em>.</em></span> <span class='ocrx_word' id='word_1_3' title='bbox 548 238 982 333; x_wconf 71' lang='lat' dir='ltr'>IUVENALIS</span> 
     </span>
    </p>
   </div>
   <div class='ocr_carea' id='block_1_2' title="bbox 256 393 1225 3504">
    <p class='ocr_par' dir='ltr' id='par_1_2' title="bbox 298 393 1172 1652">
     <span class='ocr_line' id='line_1_2' title="bbox 311 393 1172 487; baseline 0.003 -24"><span class='ocrx_word' id='word_1_4' title='bbox 311 393 395 469; x_wconf 74' lang='lat' dir='ltr'>faui</span> <span class='ocrx_word' id='word_1_5' title='bbox 418 395 537 463; x_wconf 82' lang='lat' dir='ltr'><strong>crimen</strong></span> <span class='ocrx_word' id='word_1_6' title='bbox 561 394 672 462; x_wconf 89' lang='lat' dir='ltr'>babet.</span> <span class='ocrx_word' id='word_1_7' title='bbox 693 394 805 476; x_wconf 83' lang='lat' dir='ltr'>Cedo,</span> <span class='ocrx_word' id='word_1_8' title='bbox 827 394 984 459; x_wconf 80' lang='lat' dir='ltr'>siconata</span> <span class='ocrx_word' id='word_1_9' title='bbox 1008 396 1172 487; x_wconf 76' lang='lat' dir='ltr'>peregit?</span> 
     </span>
     <span class='ocr_line' id='line_1_3' title="bbox 310 512 1164 604; baseline -0.004 -21"><span class='ocrx_word' id='word_1_10' title='bbox 310 512 467 604; x_wconf 84' lang='lat' dir='ltr'>Perpetua</span> <span class='ocrx_word' id='word_1_11' title='bbox 489 513 626 581; x_wconf 82' lang='lat' dir='ltr'>anxietas</span> <span class='ocrx_word' id='word_1_12' title='bbox 648 532 706 580; x_wconf 89' lang='lat' dir='ltr'>nec</span> <span class='ocrx_word' id='word_1_13' title='bbox 728 533 842 580; x_wconf 86' lang='lat' dir='ltr'>mensae</span> <span class='ocrx_word' id='word_1_14' title='bbox 863 526 1012 600; x_wconf 88' lang='lat' dir='ltr'>tempore</span> <span class='ocrx_word' id='word_1_15' title='bbox 1036 531 1164 596; x_wconf 84' lang='lat' dir='ltr'>cessat,</span> 
     </span>
     <span class='ocr_line' id='line_1_4' title="bbox 309 605 1119 718; baseline -0.006 -19"><span class='ocrx_word' id='word_1_16' title='bbox 309 605 458 699; x_wconf 81' lang='lat' dir='ltr'>Faucibus</span> <span class='ocrx_word' id='word_1_17' title='bbox 480 647 516 696; x_wconf 89' lang='lat' dir='ltr'>ut</span> <span class='ocrx_word' id='word_1_18' title='bbox 538 630 643 696; x_wconf 88' lang='lat' dir='ltr'>morbo</span> <span class='ocrx_word' id='word_1_19' title='bbox 665 630 770 713; x_wconf 88' lang='lat' dir='ltr'>siccis,</span> <span class='ocrx_word' id='word_1_20' title='bbox 793 629 937 718; x_wconf 90' lang='lat' dir='ltr'>interque</span> <span class='ocrx_word' id='word_1_21' title='bbox 960 627 1119 694; x_wconf 79' lang='lat' dir='ltr'>molareis</span> 
     </span>
     <span class='ocr_line' id='line_1_5' title="bbox 309 744 1068 814; baseline -0.007 -1"><span class='ocrx_word' id='word_1_22' title='bbox 309 745 436 814; x_wconf 86' lang='lat' dir='ltr'>Difficili</span> <span class='ocrx_word' id='word_1_23' title='bbox 458 764 620 813; x_wconf 81' lang='lat' dir='ltr'>crescente</span> <span class='ocrx_word' id='word_1_24' title='bbox 642 746 725 812; x_wconf 88' lang='lat' dir='ltr'>cibo.</span> <span class='ocrx_word' id='word_1_25' title='bbox 747 744 808 814; x_wconf 87' lang='lat' dir='ltr'>Sed</span> <span class='ocrx_word' id='word_1_26' title='bbox 832 747 900 811; x_wconf 81' lang='lat' dir='ltr'>vina</span> <span class='ocrx_word' id='word_1_27' title='bbox 922 744 1068 810; x_wconf 88' lang='lat' dir='ltr'>misellus</span> 
     </span>
     <span class='ocr_line' id='line_1_6' title="bbox 308 857 1061 951; baseline -0.008 -20"><span class='ocrx_word' id='word_1_28' title='bbox 308 861 455 951; x_wconf 81' lang='lat' dir='ltr'>Esspuit:</span> <span class='ocrx_word' id='word_1_29' title='bbox 480 857 594 928; x_wconf 88' lang='lat' dir='ltr'>Albani</span> <span class='ocrx_word' id='word_1_30' title='bbox 618 864 734 928; x_wconf 80' lang='lat' dir='ltr'>veteris</span> <span class='ocrx_word' id='word_1_31' title='bbox 756 863 891 951; x_wconf 87' lang='lat' dir='ltr'>preciosa</span> <span class='ocrx_word' id='word_1_32' title='bbox 914 859 1061 926; x_wconf 75' lang='lat' dir='ltr'>senedlus</span> 
     </span>
     <span class='ocr_line' id='line_1_7' title="bbox 307 976 1124 1071; baseline -0.002 -26"><span class='ocrx_word' id='word_1_33' title='bbox 307 976 481 1068; x_wconf 85' lang='lat' dir='ltr'>Displicet.</span> <span class='ocrx_word' id='word_1_34' title='bbox 504 976 662 1044; x_wconf 78' lang='lat' dir='ltr'>Ostendes</span> <span class='ocrx_word' id='word_1_35' title='bbox 682 977 809 1061; x_wconf 88' lang='lat' dir='ltr'>melius,</span> <span class='ocrx_word' id='word_1_36' title='bbox 833 978 1012 1046; x_wconf 85' lang='lat' dir='ltr'>densissima</span> <span class='ocrx_word' id='word_1_37' title='bbox 1037 1001 1124 1071; x_wconf 87' lang='lat' dir='ltr'>ruga</span> 
     </span>
     <span class='ocr_line' id='line_1_8' title="bbox 305 1092 1171 1188; baseline -0.002 -25"><span class='ocrx_word' id='word_1_38' title='bbox 305 1094 443 1188; x_wconf 83' lang='lat' dir='ltr'>Cogitur</span> <span class='ocrx_word' id='word_1_39' title='bbox 466 1092 677 1176; x_wconf 72' lang='lat' dir='ltr'>infremens,</span> <span class='ocrx_word' id='word_1_40' title='bbox 701 1096 787 1161; x_wconf 85' lang='lat' dir='ltr'>velut</span> <span class='ocrx_word' id='word_1_41' title='bbox 808 1094 872 1160; x_wconf 87' lang='lat' dir='ltr'>acri</span> <span class='ocrx_word' id='word_1_42' title='bbox 894 1093 981 1159; x_wconf 73' lang='lat' dir='ltr'>dudla</span> <span class='ocrx_word' id='word_1_43' title='bbox 1003 1093 1171 1171; x_wconf 78' lang='lat' dir='ltr'>Falerno,</span> 
     </span>
     <span class='ocr_line' id='line_1_9' title="bbox 307 1209 1149 1308; baseline -0.002 -28"><span class='ocrx_word' id='word_1_44' title='bbox 307 1209 407 1280; x_wconf 73' lang='lat' dir='ltr'>Nouo</span> <span class='ocrx_word' id='word_1_45' title='bbox 430 1214 555 1281; x_wconf 84' lang='lat' dir='ltr'>brevem</span> <span class='ocrx_word' id='word_1_46' title='bbox 575 1214 600 1278; x_wconf 89' lang='lat' dir='ltr'>si</span> <span class='ocrx_word' id='word_1_47' title='bbox 622 1210 705 1279; x_wconf 87' lang='lat' dir='ltr'>sorte</span> <span class='ocrx_word' id='word_1_48' title='bbox 727 1211 852 1279; x_wconf 79' lang='lat' dir='ltr'>indulsit</span> <span class='ocrx_word' id='word_1_49' title='bbox 866 1233 947 1308; x_wconf 25' lang='lat' dir='ltr'>&#39;cura</span> <span class='ocrx_word' id='word_1_50' title='bbox 968 1232 1149 1298; x_wconf 88' lang='lat' dir='ltr'>soporem,</span> 
     </span>
     <span class='ocr_line' id='line_1_10' title="bbox 298 1327 1123 1418; baseline 0.004 -26"><span class='ocrx_word' id='word_1_51' title='bbox 298 1327 348 1403; x_wconf 80' lang='lat' dir='ltr'>&#39;Et</span> <span class='ocrx_word' id='word_1_52' title='bbox 370 1342 440 1391; x_wconf 92' lang='lat' dir='ltr'>toto</span> <span class='ocrx_word' id='word_1_53' title='bbox 463 1347 582 1395; x_wconf 83' lang='lat' dir='ltr'>versata</span> <span class='ocrx_word' id='word_1_54' title='bbox 605 1347 676 1395; x_wconf 92' lang='lat' dir='ltr'>toro</span> <span class='ocrx_word' id='word_1_55' title='bbox 696 1333 758 1412; x_wconf 83' lang='lat' dir='ltr'>jam</span> <span class='ocrx_word' id='word_1_56' title='bbox 776 1329 910 1396; x_wconf 85' lang='lat' dir='ltr'>membra</span> <span class='ocrx_word' id='word_1_57' title='bbox 932 1327 1123 1418; x_wconf 84' lang='lat' dir='ltr'>quiescunt:</span> 
     </span>
     <span class='ocr_line' id='line_1_11' title="bbox 303 1439 1122 1533; baseline -0.009 -20"><span class='ocrx_word' id='word_1_58' title='bbox 303 1439 465 1513; x_wconf 79' lang='lat' dir='ltr'>Continuo</span> <span class='ocrx_word' id='word_1_59' title='bbox 488 1445 657 1533; x_wconf 89' lang='lat' dir='ltr'>templum,</span> <span class='ocrx_word' id='word_1_60' title='bbox 680 1442 714 1511; x_wconf 76' lang='lat' dir='ltr'>dc</span> <span class='ocrx_word' id='word_1_61' title='bbox 738 1443 844 1510; x_wconf 87' lang='lat' dir='ltr'>violati</span> <span class='ocrx_word' id='word_1_62' title='bbox 860 1442 1002 1509; x_wconf 83' lang='lat' dir='ltr'>Numinis</span> <span class='ocrx_word' id='word_1_63' title='bbox 1024 1465 1122 1523; x_wconf 84' lang='lat' dir='ltr'>aras,</span> 
     </span>
     <span class='ocr_line' id='line_1_12' title="bbox 303 1554 1138 1652; baseline -0.01 -24"><span class='ocrx_word' id='word_1_64' title='bbox 303 1559 367 1643; x_wconf 84' lang='lat' dir='ltr'>Et,</span> <span class='ocrx_word' id='word_1_65' title='bbox 388 1559 469 1649; x_wconf 88' lang='lat' dir='ltr'>quod</span> <span class='ocrx_word' id='word_1_66' title='bbox 491 1558 656 1652; x_wconf 79' lang='lat' dir='ltr'>praecipuis</span> <span class='ocrx_word' id='word_1_67' title='bbox 677 1556 815 1628; x_wconf 83' lang='lat' dir='ltr'>mentem</span> <span class='ocrx_word' id='word_1_68' title='bbox 836 1554 991 1627; x_wconf 88' lang='lat' dir='ltr'>sudoribus</span> <span class='ocrx_word' id='word_1_69' title='bbox 1012 1574 1138 1646; x_wconf 88' lang='lat' dir='ltr'>urget,</span> 
     </span>
    </p>

    <p class='ocr_par' dir='ltr' id='par_1_3' title="bbox 256 1670 1184 1885">
     <span class='ocr_line' id='line_1_13' title="bbox 256 1670 1184 1764; baseline -0.001 -23"><span class='ocrx_word' id='word_1_70' title='bbox 256 1706 259 1712; x_wconf 51' lang='lat'><strong><em>¹</em></strong></span> <span class='ocrx_word' id='word_1_71' title='bbox 305 1672 356 1743; x_wconf 91' lang='lat' dir='ltr'>Te</span> <span class='ocrx_word' id='word_1_72' title='bbox 380 1675 464 1744; x_wconf 87' lang='lat' dir='ltr'>videt</span> <span class='ocrx_word' id='word_1_73' title='bbox 486 1679 518 1762; x_wconf 83' lang='lat' dir='ltr'>in</span> <span class='ocrx_word' id='word_1_74' title='bbox 541 1676 672 1744; x_wconf 89' lang='lat' dir='ltr'>somnis.</span> <span class='ocrx_word' id='word_1_75' title='bbox 693 1671 764 1742; x_wconf 88' lang='lat' dir='ltr'>Tua</span> <span class='ocrx_word' id='word_1_76' title='bbox 785 1695 869 1743; x_wconf 84' lang='lat' dir='ltr'>sacra</span> <span class='ocrx_word' id='word_1_77' title='bbox 890 1670 925 1740; x_wconf 74' lang='grc' dir='ltr'>ἃ</span> <span class='ocrx_word' id='word_1_78' title='bbox 945 1674 1046 1752; x_wconf 84' lang='lat' dir='ltr'>major</span> <span class='ocrx_word' id='word_1_79' title='bbox 1070 1672 1184 1764; x_wconf 87' lang='lat' dir='ltr'>imago</span> 
     </span>
     <span class='ocr_line' id='line_1_14' title="bbox 302 1786 1055 1885; baseline -0.008 -27"><span class='ocrx_word' id='word_1_80' title='bbox 302 1792 450 1861; x_wconf 89' lang='lat' dir='ltr'>Humana</span> <span class='ocrx_word' id='word_1_81' title='bbox 473 1796 575 1861; x_wconf 86' lang='lat' dir='ltr'>turbat</span> <span class='ocrx_word' id='word_1_82' title='bbox 597 1794 758 1884; x_wconf 86' lang='lat' dir='ltr'>pavidum,</span> <span class='ocrx_word' id='word_1_83' title='bbox 780 1791 925 1885; x_wconf 83' lang='lat' dir='ltr'>cogitque</span> <span class='ocrx_word' id='word_1_84' title='bbox 944 1786 1055 1855; x_wconf 86' lang='lat' dir='ltr'>fateri.</span> 
     </span>
    </p>

    <p class='ocr_par' dir='ltr' id='par_1_4' title="bbox 298 1903 1225 2347">
     <span class='ocr_line' id='line_1_15' title="bbox 301 1903 1225 1998; baseline -0.009 -25"><span class='ocrx_word' id='word_1_85' title='bbox 301 1906 350 1973; x_wconf 89' lang='lat' dir='ltr'>Hi</span> <span class='ocrx_word' id='word_1_86' title='bbox 365 1925 454 1988; x_wconf 88' lang='lat' dir='ltr'>sunt,</span> <span class='ocrx_word' id='word_1_87' title='bbox 476 1911 528 1996; x_wconf 91' lang='lat' dir='ltr'>qui</span> <span class='ocrx_word' id='word_1_88' title='bbox 544 1911 720 1995; x_wconf 84' lang='lat' dir='ltr'>trepidant,</span> <span class='ocrx_word' id='word_1_89' title='bbox 743 1909 823 1975; x_wconf 86' lang='lat' dir='ltr'>&amp;ad</span> <span class='ocrx_word' id='word_1_90' title='bbox 838 1907 939 1974; x_wconf 89' lang='lat' dir='ltr'>omnia</span> <span class='ocrx_word' id='word_1_91' title='bbox 954 1903 1083 1998; x_wconf 88' lang='lat' dir='ltr'>fulgura</span> <span class='ocrx_word' id='word_1_92' title='bbox 1097 1904 1225 1995; x_wconf 86' lang='lat' dir='ltr'>pallent,</span> 
     </span>
     <span class='ocr_line' id='line_1_16' title="bbox 300 2018 1224 2117; baseline -0.002 -29"><span class='ocrx_word' id='word_1_93' title='bbox 300 2019 384 2088; x_wconf 85' lang='lat' dir='ltr'>Cum</span> <span class='ocrx_word' id='word_1_94' title='bbox 402 2036 508 2088; x_wconf 86' lang='lat' dir='ltr'>tonat:</span> <span class='ocrx_word' id='word_1_95' title='bbox 532 2025 689 2089; x_wconf 88' lang='lat' dir='ltr'>exanimes</span> <span class='ocrx_word' id='word_1_96' title='bbox 710 2025 811 2113; x_wconf 86' lang='lat' dir='ltr'>primo</span> <span class='ocrx_word' id='word_1_97' title='bbox 824 2045 948 2117; x_wconf 82' lang='lat' dir='ltr'>quoque</span> <span class='ocrx_word' id='word_1_98' title='bbox 961 2044 1126 2105; x_wconf 79' lang='lat' dir='ltr'>murmure</span> <span class='ocrx_word' id='word_1_99' title='bbox 1138 2018 1224 2104; x_wconf 62' lang='lat' dir='ltr'>colu</span> 
     </span>
     <span class='ocr_line' id='line_1_17' title="bbox 298 2133 1142 2228; baseline 0.002 -25"><span class='ocrx_word' id='word_1_100' title='bbox 298 2133 373 2203; x_wconf 88' lang='lat' dir='ltr'>Non</span> <span class='ocrx_word' id='word_1_101' title='bbox 394 2138 479 2228; x_wconf 88' lang='lat' dir='ltr'>quasi</span> <span class='ocrx_word' id='word_1_102' title='bbox 502 2135 668 2222; x_wconf 80' lang='lat' dir='ltr'>fortuitus,</span> <span class='ocrx_word' id='word_1_103' title='bbox 691 2162 749 2206; x_wconf 93' lang='lat' dir='ltr'>nec</span> <span class='ocrx_word' id='word_1_104' title='bbox 772 2154 936 2206; x_wconf 87' lang='lat' dir='ltr'>ventorum</span> <span class='ocrx_word' id='word_1_105' title='bbox 957 2138 1062 2224; x_wconf 84' lang='lat' dir='ltr'>rabie,</span> <span class='ocrx_word' id='word_1_106' title='bbox 1086 2138 1142 2207; x_wconf 89' lang='lat' dir='ltr'>sed</span> 
     </span>
     <span class='ocr_line' id='line_1_18' title="bbox 298 2249 1009 2347; baseline 0.003 -28"><span class='ocrx_word' id='word_1_107' title='bbox 298 2249 398 2331; x_wconf 82' lang='lat' dir='ltr'>Iratus</span> <span class='ocrx_word' id='word_1_108' title='bbox 417 2257 508 2322; x_wconf 86' lang='lat' dir='ltr'>cadat</span> <span class='ocrx_word' id='word_1_109' title='bbox 529 2258 561 2322; x_wconf 90' lang='lat' dir='ltr'>in</span> <span class='ocrx_word' id='word_1_110' title='bbox 583 2273 700 2341; x_wconf 75' lang='lat' dir='ltr'>terras,</span> <span class='ocrx_word' id='word_1_111' title='bbox 722 2255 757 2324; x_wconf 68' lang='grc' dir='ltr'>ὃ(</span> <span class='ocrx_word' id='word_1_112' title='bbox 778 2255 892 2340; x_wconf 86' lang='lat' dir='ltr'>judicet</span> <span class='ocrx_word' id='word_1_113' title='bbox 913 2256 1009 2347; x_wconf 87' lang='lat' dir='ltr'>ignis.</span> 
     </span>
    </p>

    <p class='ocr_par' dir='ltr' id='par_1_5' title="bbox 298 2368 1011 2462">
     <span class='ocr_line' id='line_1_19' title="bbox 298 2368 1011 2462; baseline -0.001 -24"><span class='ocrx_word' id='word_1_114' title='bbox 298 2368 357 2438; x_wconf 89' lang='lat' dir='ltr'>llla</span> <span class='ocrx_word' id='word_1_115' title='bbox 379 2372 453 2438; x_wconf 90' lang='lat' dir='ltr'>nihil</span> <span class='ocrx_word' id='word_1_116' title='bbox 477 2374 602 2453; x_wconf 87' lang='lat' dir='ltr'>nocuit,</span> <span class='ocrx_word' id='word_1_117' title='bbox 624 2395 697 2438; x_wconf 85' lang='lat' dir='ltr'>cura</span> <span class='ocrx_word' id='word_1_118' title='bbox 718 2374 861 2462; x_wconf 86' lang='lat' dir='ltr'>graviore</span> <span class='ocrx_word' id='word_1_119' title='bbox 882 2371 1011 2439; x_wconf 87' lang='lat' dir='ltr'>timetur</span> 
     </span>
    </p>

    <p class='ocr_par' dir='ltr' id='par_1_6' title="bbox 296 2485 1108 2697">
     <span class='ocr_line' id='line_1_20' title="bbox 296 2485 1108 2578; baseline 0.004 -25"><span class='ocrx_word' id='word_1_120' title='bbox 296 2485 440 2554; x_wconf 76' lang='lat' dir='ltr'>Proxima</span> <span class='ocrx_word' id='word_1_121' title='bbox 464 2503 647 2578; x_wconf 78' lang='lat' dir='ltr'>tempestas:</span> <span class='ocrx_word' id='word_1_122' title='bbox 672 2488 756 2565; x_wconf 83' lang='lat' dir='ltr'>velut</span> <span class='ocrx_word' id='word_1_123' title='bbox 780 2487 837 2577; x_wconf 68' lang='lat' dir='ltr'>hoc</span> <span class='ocrx_word' id='word_1_124' title='bbox 858 2486 953 2554; x_wconf 88' lang='lat' dir='ltr'>dilata</span> <span class='ocrx_word' id='word_1_125' title='bbox 975 2511 1108 2558; x_wconf 86' lang='lat' dir='ltr'>sereno.</span> 
     </span>
     <span class='ocr_line' id='line_1_21' title="bbox 297 2600 1075 2697; baseline 0.003 -26"><span class='ocrx_word' id='word_1_126' title='bbox 297 2600 476 2688; x_wconf 80' lang='lat' dir='ltr'>Praeterea,</span> <span class='ocrx_word' id='word_1_127' title='bbox 500 2605 605 2673; x_wconf 85' lang='lat' dir='ltr'>lateris</span> <span class='ocrx_word' id='word_1_128' title='bbox 628 2605 715 2697; x_wconf 85' lang='lat' dir='ltr'>vigili</span> <span class='ocrx_word' id='word_1_129' title='bbox 735 2628 805 2672; x_wconf 82' lang='lat' dir='ltr'>cunr</span> <span class='ocrx_word' id='word_1_130' title='bbox 826 2602 913 2672; x_wconf 88' lang='lat' dir='ltr'>febre</span> <span class='ocrx_word' id='word_1_131' title='bbox 934 2605 1075 2673; x_wconf 89' lang='lat' dir='ltr'>dolorem</span> 
     </span>
    </p>

    <p class='ocr_par' dir='ltr' id='par_1_7' title="bbox 293 2719 1170 2919">
     <span class='ocr_line' id='line_1_22' title="bbox 294 2719 1170 2816; baseline -0.005 -32"><span class='ocrx_word' id='word_1_132' title='bbox 294 2719 327 2784; x_wconf 88' lang='lat' dir='ltr'>Si</span> <span class='ocrx_word' id='word_1_133' title='bbox 348 2744 475 2810; x_wconf 77' lang='lat' dir='ltr'>coepere</span> <span class='ocrx_word' id='word_1_134' title='bbox 496 2723 578 2816; x_wconf 51' lang='lat' dir='ltr'>pati3</span> <span class='ocrx_word' id='word_1_135' title='bbox 607 2723 731 2788; x_wconf 89' lang='lat' dir='ltr'>missum</span> <span class='ocrx_word' id='word_1_136' title='bbox 752 2722 790 2789; x_wconf 85' lang='lat' dir='ltr'>ad</span> <span class='ocrx_word' id='word_1_137' title='bbox 811 2745 863 2788; x_wconf 84' lang='lat' dir='ltr'>sua</span> <span class='ocrx_word' id='word_1_138' title='bbox 884 2744 1012 2811; x_wconf 83' lang='lat' dir='ltr'>corpora</span> <span class='ocrx_word' id='word_1_139' title='bbox 1034 2721 1170 2802; x_wconf 87' lang='lat' dir='ltr'>morbum</span> 
     </span>
     <span class='ocr_line' id='line_1_23' title="bbox 293 2829 1043 2919; baseline 0.007 -20"><span class='ocrx_word' id='word_1_140' title='bbox 293 2829 412 2899; x_wconf 89' lang='lat' dir='ltr'>Infesto</span> <span class='ocrx_word' id='word_1_141' title='bbox 433 2837 565 2919; x_wconf 84' lang='lat' dir='ltr'>credunt</span> <span class='ocrx_word' id='word_1_142' title='bbox 587 2860 604 2902; x_wconf 87' lang='lat' dir='ltr'>a</span> <span class='ocrx_word' id='word_1_143' title='bbox 628 2835 786 2906; x_wconf 89' lang='lat' dir='ltr'>Numine:</span> <span class='ocrx_word' id='word_1_144' title='bbox 808 2860 877 2906; x_wconf 82' lang='lat' dir='ltr'>saxa</span> <span class='ocrx_word' id='word_1_145' title='bbox 900 2837 1043 2904; x_wconf 90' lang='lat' dir='ltr'>Deorum</span> 
     </span>
    </p>

    <p class='ocr_par' dir='ltr' id='par_1_8' title="bbox 288 2948 1164 3504">
     <span class='ocr_line' id='line_1_24' title="bbox 292 2948 1153 3046; baseline -0.002 -31"><span class='ocrx_word' id='word_1_146' title='bbox 292 2949 376 3016; x_wconf 84' lang='lat' dir='ltr'>Haec</span> <span class='ocrx_word' id='word_1_147' title='bbox 398 2948 434 3018; x_wconf 75' lang='grc' dir='ltr'>ὅτ</span> <span class='ocrx_word' id='word_1_148' title='bbox 455 2953 518 3018; x_wconf 90' lang='lat' dir='ltr'>tela</span> <span class='ocrx_word' id='word_1_149' title='bbox 542 2970 672 3042; x_wconf 87' lang='lat' dir='ltr'>putant.</span> <span class='ocrx_word' id='word_1_150' title='bbox 695 2953 849 3023; x_wconf 85' lang='lat' dir='ltr'>Pecudesn</span> <span class='ocrx_word' id='word_1_151' title='bbox 871 2955 1022 3046; x_wconf 89' lang='lat' dir='ltr'>spondere</span> <span class='ocrx_word' id='word_1_152' title='bbox 1043 2949 1153 3020; x_wconf 89' lang='lat' dir='ltr'>sacello</span> 
     </span>
     <span class='ocr_line' id='line_1_25' title="bbox 292 3058 1132 3163; baseline -0.005 -28"><span class='ocrx_word' id='word_1_153' title='bbox 292 3065 473 3151; x_wconf 85' lang='lat' dir='ltr'>Balantem,</span> <span class='ocrx_word' id='word_1_154' title='bbox 496 3067 530 3136; x_wconf 82' lang='lat' dir='ltr'>dt</span> <span class='ocrx_word' id='word_1_155' title='bbox 552 3067 681 3137; x_wconf 86' lang='lat' dir='ltr'>Laribus</span> <span class='ocrx_word' id='word_1_156' title='bbox 702 3058 827 3138; x_wconf 78' lang='lat' dir='ltr'>crIstam</span> <span class='ocrx_word' id='word_1_157' title='bbox 850 3074 1034 3162; x_wconf 86' lang='lat' dir='ltr'>promittere</span> <span class='ocrx_word' id='word_1_158' title='bbox 1057 3066 1132 3163; x_wconf 83' lang='lat' dir='ltr'>galli</span> 
     </span>
     <span class='ocr_line' id='line_1_26' title="bbox 290 3181 1164 3278; baseline -0.003 -28"><span class='ocrx_word' id='word_1_159' title='bbox 290 3181 363 3251; x_wconf 89' lang='lat' dir='ltr'>Non</span> <span class='ocrx_word' id='word_1_160' title='bbox 377 3187 508 3254; x_wconf 88' lang='lat' dir='ltr'>audent.</span> <span class='ocrx_word' id='word_1_161' title='bbox 529 3185 616 3277; x_wconf 77' lang='lat' dir='ltr'>Quid</span> <span class='ocrx_word' id='word_1_162' title='bbox 630 3187 713 3252; x_wconf 89' lang='lat' dir='ltr'>enim</span> <span class='ocrx_word' id='word_1_163' title='bbox 733 3211 855 3278; x_wconf 87' lang='lat' dir='ltr'>sperare</span> <span class='ocrx_word' id='word_1_164' title='bbox 877 3189 1055 3269; x_wconf 86' lang='lat' dir='ltr'>nocentibus</span> <span class='ocrx_word' id='word_1_165' title='bbox 1076 3181 1164 3277; x_wconf 82' lang='lat' dir='ltr'>aegris</span> 
     </span>
     <span class='ocr_line' id='line_1_27' title="bbox 289 3299 1117 3400; baseline 0.004 -33"><span class='ocrx_word' id='word_1_166' title='bbox 289 3299 499 3373; x_wconf 85' lang='lat' dir='ltr'>Concessum?</span> <span class='ocrx_word' id='word_1_167' title='bbox 521 3303 571 3371; x_wconf 86' lang='lat' dir='ltr'>vel</span> <span class='ocrx_word' id='word_1_168' title='bbox 593 3324 664 3394; x_wconf 83' lang='lat' dir='ltr'>quae</span> <span class='ocrx_word' id='word_1_169' title='bbox 686 3328 747 3372; x_wconf 91' lang='lat' dir='ltr'>non</span> <span class='ocrx_word' id='word_1_170' title='bbox 770 3306 891 3400; x_wconf 87' lang='lat' dir='ltr'>dignior</span> <span class='ocrx_word' id='word_1_171' title='bbox 911 3305 1008 3371; x_wconf 85' lang='lat' dir='ltr'>hostia</span> <span class='ocrx_word' id='word_1_172' title='bbox 1032 3305 1117 3371; x_wconf 80' lang='lat' dir='ltr'>vita?</span> 
     </span>
     <span class='ocr_line' id='line_1_28' title="bbox 288 3414 1109 3504; baseline -0.01 -12"><span class='ocrx_word' id='word_1_173' title='bbox 288 3414 437 3504; x_wconf 70' lang='lat' dir='ltr'>M0b1158‚</span> <span class='ocrx_word' id='word_1_174' title='bbox 458 3420 494 3492; x_wconf 77' lang='lat' dir='ltr'>dc</span> <span class='ocrx_word' id='word_1_175' title='bbox 517 3420 597 3492; x_wconf 80' lang='lat' dir='ltr'>vaslo</span> <span class='ocrx_word' id='word_1_176' title='bbox 620 3440 667 3489; x_wconf 91' lang='lat' dir='ltr'>est</span> <span class='ocrx_word' id='word_1_177' title='bbox 692 3420 789 3492; x_wconf 87' lang='lat' dir='ltr'>ferme</span> <span class='ocrx_word' id='word_1_178' title='bbox 811 3438 918 3490; x_wconf 86' lang='lat' dir='ltr'>natura</span> <span class='ocrx_word' id='word_1_179' title='bbox 943 3421 1109 3489; x_wconf 82' lang='lat' dir='ltr'>malorum.</span> 
     </span>
    </p>
   </div>
   <div class='ocr_carea' id='block_1_3' title="bbox 0 0 1322 3934">
    <p class='ocr_par' dir='ltr' id='par_1_9' title="bbox 0 0 1322 3934">
     <span class='ocr_line' id='line_1_29' title="bbox 0 0 1322 3934; baseline 0 9"><span class='ocrx_word' id='word_1_180' title='bbox 0 0 1322 3934; x_wconf 95' lang='lat' dir='ltr'> </span> 
     </span>
    </p>
   </div>
  </div>
 </body>
</html>
