2634 3934
367 252 730 329 sunrnnn
865 230 1011 339 ‘an

79 406 261 504 Qidnon
278 407 366 476 intus
386 407 502 479 habet?
526 406 598 477 Non
620 406 689 475 heic
711 401 853 475 est'llian
866 399 942 475 Atti
979 410 982 417 “
1061 424 1064 425 ἢ

81 526 187 600 Ebria
207 529 349 595 veratro?
372 550 435 593 non
456 525 481 591 si
502 544 562 614 qua
583 523 716 616 elegidia
736 523 823 591 crudi
1049 534 1052 546 ’

83 642 259 713 Didiamnt
280 643 450 734 proceres?
471 663 535 707 non
556 641 700 731 quicquid
721 640 853 733 denique
874 635 958 705 louis

83 760 245 835 Scribitur
266 758 448 825 in'citreis?
470 758 602 826 calidum
623 759 680 826 scis
700 779 817 849 ponere
836 776 961 855 sumena

85 877 161 950 Scis
183 876 332 961 comitem
353 872 543 943 horridulum
564 875 639 943 trita
661 876 776 944 donare
797 875 935 942 lacerna:

85 995 161 1075 Et,
182 991 325 1073 Verum,
337 990 455 1080 inquis,
469 1013 539 1059 amo
552 1019 563 1082 3
585 988 693 1061 verum
706 977 781 1061 mihi
794 990 888 1058 dicite
902 990 941 1056 de
955 1007 1015 1067 mc,

84 1109 165 1201 Qu
186 1109 282 1196 pote?
305 1106 350 1174 vlo
369 1108 488 1179 dicam?
512 1110 651 1203 nugarls',
676 1133 748 1176 cnm
773 1109 848 1190 tibi,
867 1105 976 1188 calve,
1014 1084 1019 1090 ⁶

86 1224 224 1318 Pinguis
244 1224 430 1315 aqualiculus
452 1233 606 1315 propenso
627 1225 805 1315 sesquipede
827 1239 942 1293 extero

87 1340 246 1429 Olane,
268 1364 287 1406 a
309 1357 420 1432 tergo,
440 1360 536 1429 quem
558 1340 643 1406 nulla
664 1339 916 1431 ciconiapinsit,
959 1369 964 1378 ·
999 1384 1000 1387 ¹

89 1459 166 1531 Nec
187 1477 295 1523 manus
314 1456 462 1524 auriculas
483 1456 604 1526 imitata
625 1477 675 1526 est
696 1457 814 1526 mobilis
839 1456 940 1547 albas,

91 1576 167 1646 Nec
183 1574 320 1665 linguae,
341 1591 491 1664 quantum
512 1577 597 1640 sitiat
618 1578 701 1640 canis
715 1574 862 1661 Appula,
884 1585 1000 1637 tantae.

92 1689 170 1759 Vos
187 1711 209 1751 o
231 1686 378 1774 patricius
398 1685 539 1777 sanguis,
561 1707 638 1775 quos
660 1688 764 1754 vivere
785 1683 830 1752 fas
850 1701 898 1751 est
1020 1690 1023 1699 '

92 1800 243 1892 'Occipiti
263 1821 368 1884 caeco,
390 1802 518 1890 posticae
540 1802 696 1871 occurrite
716 1823 835 1871 smnae.

159 1916 241 2010 Quis
247 1917 354 2009 populi
361 1938 461 1985 sermo
468 1938 516 1988 est
524 1925 537 1991 ‚³
546 1920 612 2009 quis
618 1919 702 1987 enim
711 1924 724 1989 2
734 1920 790 1987 nisi
795 1914 930 1987 carmina
937 1914 1023 1985 molli
1036 1942 1039 1946 ⁴

97 2034 196 2107 Nunc
217 2034 342 2102 demum
367 2057 497 2103 numero
518 2038 634 2122 fluere,
655 2054 691 2106 ut
713 2061 770 2130 per
783 2040 861 2105 laeve
876 2057 997 2104 severos

98 2136 250 2225 Effundat
272 2151 410 2234 junuura
430 2177 563 2246 ungues.
586 2155 654 2224 Scit
675 2156 807 2222 tendere
828 2173 950 2219 uersum

99 2268 177 2343 Non
198 2291 303 2352 secus,
324 2291 361 2337 ac
382 2268 408 2335 si
429 2272 520 2338 oculo
540 2271 691 2342 rubricam
712 2266 826 2362 dirigat
847 2289 924 2333 uno:

102 2380 179 2456 Sive
193 2410 270 2477 opus
283 2387 316 2455 in
329 2409 451 2472 morea,
473 2389 505 2456 in
520 2391 646 2473 luxum,
667 2386 836 2478 inprandia
844 2383 970 2475 Regum
979 2425 998 2468 5.

102 2502 225 2572 Dicere
246 2523 296 2568 res
317 2506 450 2593 grandes
471 2523 578 2576 nostro
599 2507 653 2572 dat
675 2502 770 2570 Musa
791 2518 911 2593 poetae.

166 2617 251 2692 Ecce
272 2616 365 2685 modo
386 2618 495 2686 heroas
515 2641 619 2687 sensus
638 2616 749 2686 afferre
769 2618 914 2685 docemus

105 2732 231 2827 Nugari
253 2733 360 2801 sauros
381 2733 517 2820 Graece,
539 2758 597 2806 nec
620 2757 736 2827 ponere
757 2735 862 2803 lucum

107 2850 275 2935 Artifices,
297 2872 357 2919 nec
377 2874 430 2920 rus
449 2869 586 2923 saturum
606 2853 748 2936 laudare,
770 2852 820 2920 ubi
840 2853 966 2939 corbes,

79 3054 82 3059 ,
107 2967 156 3042 Et
178 2963 263 3034 focus
270 3016 283 3052 ,
304 2964 340 3035 ἀ
352 2970 457 3059 porci,
478 2967 649 3040 &fumosa
671 2954 780 3039 Palilia
800 2966 902 3041 loeno:

109 3079 211 3187 Unde
225 3069 365 3169 Remus,
386 3086 530 3180 sulcoque
552 3104 658 3156 terens
679 3088 834 3170 dentalia,
855 3083 989 3178 Qinni,

112 3200 221 3292 Qum
241 3202 362 3294 trepida
382 3221 456 3272 ante
469 3205 568 3273 ‘boves
582 3204 776 3275 Didiatorem
797 3203 896 3277 induit
918 3223 1013 3301 uxor:

112 3314 160 3384 Et
182 3331 235 3383 tua
255 3335 357 3389 aratra
377 3323 503 3393 domum
523 3323 611 3391 liuor
633 3323 724 3392 tulit.
747 3320 839 3414 Euge
859 3337 973 3412 poetar
1037 3336 1039 3341 ⁴

115 3429 175 3502 Est
198 3455 278 3502 nunc
298 3435 408 3508 Brisaei
430 3463 521 3533 quem
543 3462 673 3511 venosus
695 3441 773 3508 liber
796 3437 894 3530 Acci,

678 3556 709 3627 N
732 3579 750 3621 2
