2634 3934
379 261 678 337 SATYRA
720 261 843 334 x11„
978 294 1035 345 rau

115 414 283 510 Legitima
305 414 369 483 fixis
389 418 521 485 vestitur
542 433 611 483 tota
631 415 749 483 tabellis
795 465 800 474 .
984 500 987 504 ¹

113 532 285 621 Porticus;
307 535 463 615 existunt,
485 534 540 621 qui
555 534 740 621 promittant
761 528 977 599 hecatomben:

114 650 285 741 Quatenus
306 649 459 717 hennon
473 665 563 728 sunt,
579 670 644 713 ‘nec
659 647 781 713 venales
802 645 977 736 elephanti,

114 765 192 833 Nec
213 764 324 845 Latio,
344 780 400 828 aut
420 784 544 853 usquam
565 764 618 835 sub
640 779 746 834 nostro
767 762 865 834 sidere
886 763 956 836 talis

112 880 229 948 Bellua
250 879 440 969 concipitur:
459 882 515 958 ¹sed
536 877 622 949 furva
643 897 741 975 gente
763 881 862 970 petita

112 992 291 1066 Arboribus
314 992 464 1077 Rutulis,
486 996 520 1063 dc
544 993 645 1064 Turni
668 996 802 1087 pascitur
823 987 899 1088 agro

112 1110 255 1178 Caesaris
274 1127 463 1195 armentum,
485 1115 561 1181 nulli
582 1114 698 1185 servire
717 1128 862 1212 paratum

112 1224 262 1293 Privato:
284 1228 429 1317 siquidem
451 1226 552 1308 Tyrio
573 1237 684 1317 parere
704 1226 842 1292 solebant

113 1341 306 1423 Hannibali,
327 1341 362 1409 dc
384 1343 495 1412 nostris
515 1343 659 1425 ducibus,
682 1343 809 1436 regique
824 1340 982 1426 Molosso,

111 1456 246 1526 Horum
269 1459 417 1541 majores,
439 1483 476 1526 ac
496 1461 587 1526 dorso
608 1457 691 1526 ferre
712 1458 885 1542 coborteis,

95 1570 243 1640 'Partem
264 1575 396 1663 aliquam
409 1575 499 1657 belli,
521 1576 697 1642 &euntem
717 1576 750 1639 in
771 1577 878 1663 praelia
892 1589 1029 1641 turrem.

113 1687 210 1758 Nulla
224 1689 320 1777 igitur
334 1708 419 1750 mora
433 1708 489 1773 per
498 1686 651 1766 Novium,
666 1687 840 1758 moranulla
854 1707 910 1774 per
917 1684 1031 1757 Istrum

113 1801 303 1881 Pacuvium,
324 1799 396 1888 quin
418 1799 494 1866 illud
516 1800 591 1872 ebur
610 1800 741 1870 ducatur
761 1801 799 1867 ad
820 1809 904 1883 arasj

114 1917 160 1986 Ec
181 1918 270 1984 cadat
293 1931 366 1990 ante
387 1913 494 1984 Lareis
517 1914 647 1983 Gallitae
669 1915 787 1990 vidima
809 1918 892 2001 sola,

61 2118 63 2122 Ι
113 2030 231 2102 Tantis
249 2031 344 2125 digua
366 2030 462 2117 Deis,
483 2033 518 2102 dt
540 2034 745 2125 captatoribus
766 2035 891 2104 horum.

112 2145 212 2217 Alter
234 2149 334 2231 enim,
357 2149 383 2213 si
405 2153 554 2226 concedas
576 2152 726 2234 mediare,
748 2152 871 2218 vovebit

114 2263 169 2332 De
183 2287 282 2361 grege
296 2286 454 2331 servorum
470 2290 581 2359 magna
595 2284 647 2334 aut
663 2265 868 2355 pulcherrima
877 2282 1006 2355 quaequo

113 2378 276 2470 Corpora,
299 2382 349 2448 vel
371 2383 491 2472 pueris,
514 2381 712 2451 &frontibus
734 2381 913 2452 ancillarum

110 2487 257 2584 Imponet
277 2497 389 2578 vittas,
410 2496 464 2580 dc,
485 2500 510 2563 si
531 2517 658 2588 quaest
680 2498 787 2566 nubilis
807 2497 854 2564 illi

74 2701 76 2704 ι
111 2609 294 2702 Iphigeneja
319 2611 418 2692 domi,
439 2612 523 2676 dabit
545 2612 622 2680 hauc
643 2612 805 2697 altaribus;
826 2608 885 2677 etsi

112 2722 184 2793 Non
206 2742 310 2816 sperat
331 2726 459 2819 tragicae
480 2722 593 2793 furtiva
615 2726 733 2817 piacula
754 2741 873 2795 cervae.

112 2839 219 2909 Laudo
239 2864 342 2908 meum
364 2843 483 2926 civem,
506 2865 563 2910 uec
584 2865 729 2934 comparo
750 2859 938 2914 testamento

111 2953 208 3023 Mille
230 2974 327 3024 rates:
352 2959 468 3046 namsi
489 2956 657 3055 Libitinam
678 2961 810 3032 evaserit
830 2981 935 3055 aeger,

110 3071 238 3141 Delebit
261 3073 394 3157 tabulas,
415 3075 548 3145 inclusus
569 3096 694 3153 carcere
715 3099 829 3160 uassae,

109 3185 185 3253 Post
207 3191 354 3256 meritum
375 3213 447 3258 sane
468 3192 657 3274 mirandum,
670 3210 774 3286 'atque
794 3192 897 3262 omnia
918 3190 975 3265 soli

108 3300 225 3369 Forsan
247 3306 380 3375 Pacuvio
401 3303 539 3375 breviter
559 3309 659 3378 dabit.
686 3307 745 3376 lile
766 3309 909 3398 superbus

109 3415 239 3486 incedet
261 3423 341 3489 vidis
364 3425 518 3494 rivalibus.
542 3424 628 3518 Ergo
651 3425 762 3526 vides„
775 3446 867 3514 quam
