2634 3934
293 240 421 323 ita,
530 223 961 329 IUVENALIS

287 403 453 472 consensu
473 419 587 489 magno
607 391 765 474 efficiunt,
786 386 926 459 curabilis
947 405 983 456 ut
1004 388 1044 455 sit

287 514 434 590 Vindicta
448 512 484 582 dc
499 512 643 608 gravior,
665 533 757 603 quam
771 507 895 590 injuria:
917 506 1045 600 dignum
1058 505 1120 575 erit
1134 528 1219 603 ergo

287 631 517 704 Declamatoris
538 630 657 698 mulino
678 627 773 696 corde
794 623 950 720 Vagelll,

286 750 370 821 Cum
391 751 454 817 duo
467 770 559 817 crura
574 746 701 828 habeas,
723 742 880 811 offendere
901 756 952 810 tot
972 741 1104 835 caligas,
1128 757 1180 811 tot

286 865 393 939 Miltia
411 865 590 944 clavorum.
611 863 693 953 Quis
714 853 778 926 tar‘n
799 859 910 951 procul
933 859 1010 926 absit
1024 859 1060 925 ab
1076 856 1192 928 Urbe?

285 962 447 1051 Praeterea
467 981 535 1071 quis
556 995 620 1047 tarn
633 975 783 1060 Pylades,
805 977 920 1042 molem
941 975 1062 1069 aggeris
1084 976 1169 1042 ultra

179 1176 184 1187 ,
284 1095 340 1168 Ut
361 1099 489 1167 veniat?
514 1097 660 1176 lacrymae
679 1094 833 1160 siccentur
854 1092 1013 1181 protinus,
1033 1090 1069 1160 ἃ
1091 1105 1130 1159 se

1308 689 1309 735 r

284 1212 491 1285 Excusaturos
517 1236 578 1280 non
599 1210 799 1279 sollicitemus
818 1207 946 1276 amicos.
1255 1218 1256 1223 ’
1307 1190 1309 1285 i

283 1325 337 1398 Da
360 1346 493 1412 testem,
515 1329 609 1412 judex
629 1353 701 1397 cum
722 1327 852 1394 dixerit:
874 1324 986 1393 audeat
1010 1325 1086 1409 ille,

281 1444 399 1519 Nescio
419 1445 503 1534 quis,
525 1468 645 1535 pugnos
666 1443 721 1531 qui
743 1443 838 1521 vidit,
859 1443 979 1510 dicere:
1003 1443 1084 1523 vidi,
1207 1440 1210 1500 ζ
1303 1299 1310 1621 ὲ

279 1562 328 1632 ‘Et
346 1562 471 1657 credam
492 1560 620 1653 dignum
641 1557 750 1640 barba,
770 1556 959 1648 dignumque
972 1546 1091 1648 capillis
1308 1622 1309 1625 ,

281 1678 461 1764 Majorurn.
483 1677 586 1748 Citius
606 1674 717 1743 falsum
739 1674 910 1766 producere
931 1690 1046 1740 testem

280 1796 404 1866 Contra
425 1818 580 1890 paganum
601 1780 714 1885 possis,
735 1803 828 1881 quam'
847 1813 921 1858 vera
940 1791 1142 1881 loquentem,
1196 1840 1202 1851 .

278 1902 403 1977 Contra
424 1910 581 1980 fortunam
603 1911 731 1991 armati,
752 1926 922 1998 contraque
943 1908 1109 1999 pudorem.

313 2022 447 2090 Praenria
462 2048 544 2091 nunc
557 2025 635 2106 alia,
657 2044 752 2114 atquc
765 2027 824 2092 alia
838 2014 1047 2093 emolumenta
1061 2017 1205 2095 notemus
1225 2064 1231 2071 ²

263 2132 567 2239 Sacra‘rnentoru'rn.
595 2138 782 2210 convallem
804 2141 883 2207 ruris
902 2140 979 2207 aviti

277 2259 456 2351 Improbus‚
478 2276 533 2328 aut
552 2282 696 2350 campum
717 2257 792 2326 mihi
813 2259 839 2325 si
859 2257 975 2326 vicinus
995 2259 1130 2344 ademit,

132 2467 134 2471 .
276 2375 322 2445 Et
343 2376 590 2442 sacrum'effodit
612 2374 714 2467 'medio
735 2376 775 2440 de
797 2375 897 2441 limite
918 2366 1043 2459 saxum,
1191 2368 1193 2373 ’

178 2514 179 2518 ’
274 2483 371 2584 Quod
393 2513 462 2560 mea
482 2496 554 2558 curn
577 2492 684 2584 patulo
705 2490 803 2558 coluit
825 2493 895 2583 puls
916 2516 1022 2560 annua·
1039 2492 1118 2580 lib03
1171 2481 1192 2549 '-

219 2682 220 2686 ,
275 2606 411 2680 Debitor
431 2626 488 2678 aut
506 2627 622 2678 sumtos
642 2609 830 2715 pergitnon
851 2611 984 2678 reddere
1004 2584 1163 2691 nummos,

196 2730 199 2734 ’
275 2721 369 2795 Vana
388 2728 568 2816 supervacui
589 2726 694 2793 dicens
714 2726 915 2819 chirographa
936 2728 1030 2819 ligni:
1181 2722 1190 2749 ⁸
1307 2720 1309 2791 i

273 2837 501 2930 Exspedandus
522 2844 610 2927 erit,
626 2843 680 2933 qui
694 2820 775 2911 ‘lites
796 2844 940 2927 inchoat,
962 2865 1061 2910 annus

272 2950 389 3025 Totius
409 2958 532 3051 populi:
555 2961 608 3029 sed
630 2976 706 3028 tunc
727 2984 848 3054 quoque
869 2961 957 3030 mille
976 2957 1104 3026 ferenda
1183 2954 1187 2967 ’

272 3069 402 3159 Taedia,
421 3077 510 3145 mille
531 3100 647 3161 morte,
668 3078 762 3145 toties
783 3079 922 3146 subsellia
942 3093 1068 3144 tanturn

268 3190 479 3283 Sternuntur3
501 3212 568 3262 turn
589 3193 720 3263 facundo
741 3212 880 3287 ponente
901 3196 1041 3264 lacernas

268 3286 686 3394 caedicro,&'1³usfiojam
708 3312 920 3397 miduriente,
940 3311 1041 3402 parati
1073 3348 1077 3355 ·
1170 3347 1173 3354 -

267 3421 490 3523 Digredimur,
511 3430 659 3524 lentaque
680 3427 740 3499 fori
760 3448 1062 3524 pugnamusarenus
