2634 3934
352 199 414 271 eiii
539 195 608 265 DE
633 200 826 276 aarum
847 189 1104 284 JUVENALIS
1164 200 1170 211 “

355 373 481 428 trorum
506 374 628 448 genera
653 362 858 439 miscuerat,
889 353 974 423 sicut
998 358 1034 428 ἀ
1057 352 1238 435 Chaeremon

354 488 453 578 culus
471 488 658 565 inscribitur
666 490 856 560 Centaums
872 494 1083 582 τολυμετρος
1096 481 1149 582 rel
1164 514 1241 587 pinu

356 607 544 718 pulpita.
578 604 631 677 Ac
656 611 896 685 vetustissimas
918 612 1055 702 quidem
1079 613 1245 691 Latinoruu

358 749 494 836 Satyras
525 764 592 815 non
623 740 691 812 sola
715 766 849 837 rerum,
882 745 1066 818 sedetiam
1094 766 1249 820 metrorum

358 867 518 936 varietate
533 861 820 955 permistas'fuisse
837 864 951 942 auster
967 868 1156 960 estFabius3
1177 894 1252 942 eam.

356 1006 424 1079 que
447 985 688 1074 diversitatem,
711 1010 781 1078 quo
804 992 943 1061 samrior
966 991 1060 1062 fieret
1076 995 1202 1082 Satura,
1224 992 1256 1063 ab

357 1109 518 1189 Terentio
542 1107 693 1180 Varrone
725 1136 820 1200 prosa
844 1110 991 1184 versibus
1022 1114 1145 1185 intexta
1167 1118 1259 1185 varie

358 1254 487 1331 getam.
512 1234 635 1323 Neque
660 1259 741 1308 vero
756 1240 901 1311 defuisse
917 1242 1060 1314 Varroni
1075 1240 1263 1329 discipulos,

359 1362 503 1437 indicant
526 1358 674 1432 Petronii
698 1364 845 1455 reliquie
875 1370 911 1440 ἀ
935 1365 1096 1438 salebrosa
1119 1368 1267 1439 Martiani

359 1496 505 1585 Capellae
530 1481 853 1584 cynamomum.
902 1502 993 1572 Nam
1027 1519 1162 1589 uterque
1184 1497 1270 1567 haud

360 1619 458 1693 dubie
482 1619 643 1692 Varronis
673 1621 828 1712 exemplo
861 1624 1014 1711 Satyrum
1044 1624 1181 1693 condere
1213 1640 1273 1686 vo-

353 1747 443 1832 luit,
475 1766 545 1816 non
569 1745 786 1831 Menippeam
818 1745 974 1834 quidem,
1006 1747 1063 1815 sed
1087 1741 1275 1828 simpliciter

361 1868 623 1943 Varronianamr
647 1868 770 1955 quippe
794 1867 1107 1952 nonnullasVarro,
1134 1884 1214 1953 quas
1229 1885 1280 1931 sa-

361 1991 401 2060 lis
415 1987 651 2075 mordacitate,
678 1987 732 2058 vel
747 1991 831 2058 aceti
856 1990 1002 2077 nequitia
1017 1984 1130 2074 paullo
1146 1984 1281 2054 liberius

361 2131 605 2217 consperserat,
629 2114 828 2203 Menippeas
850 2111 1007 2202 inscripsit
1014 2141 1025 2205 3
1048 2132 1158 2202 coque
1182 2105 1281 2179 titulo

361 2243 556 2328 scriptorum
580 2242 789 2330 asperitatem
813 2241 1107 2331 acerbitatemque,
1133 2261 1206 2311 non
1230 2235 1281 2307 Sa·

361 2385 466 2456 tyrae,
490 2365 548 2437 sed
570 2368 693 2454 cynico
708 2372 883 2458 Menippei
907 2369 975 2438 stili
997 2371 1134 2443 nomine
1158 2357 1281 2455 signifi·

360 2493 429 2562 cari
452 2491 661 2564 declaravit:
693 2513 731 2564 ut
754 2497 820 2564 hoc
844 2493 977 2564 tandem
1000 2495 1042 2563 sit
1065 2487 1281 2562 statuendun

261 2678 263 2681 ,
361 2617 486 2708 cernel,
511 2621 663 2710 Satyram
686 2644 754 2691 non
773 2623 877 2714 magis
901 2642 969 2690 esse
986 2623 1156 2710 proprium
1182 2613 1280 2682 alicu

361 2749 414 2832 ius
443 2749 554 2837 scripti
579 2774 706 2823 nornen
735 2774 836 2840 quam
868 2769 945 2821 sunt
976 2754 1033 2825 illa
1066 2738 1266 2819 πανδὲκτσι

363 2865 480 2969 lurra,
504 2869 624 2974 ne'par'c,
650 2868 883 2972 Α’μοίλθθωι,
900 2883 1073 2957 &similia
1089 2874 1281 2942 Graecarut

359 3001 569 3075 lautitiarum
593 3002 774 3088 vocabula,
808 3005 956 3074 Pliniana
980 3005 1022 3071 ad
1039 2995 1281 3082 Vespasianur

359 3127 525 3203 Cererem
549 3131 743 3213 praeiatione
767 3131 898 3222 derisa;
931 3135 1080 3218 itemque
1106 3124 1195 3211 illa,
1235 3138 1281 3192 5t

357 3279 462 3357 paroc
487 3249 711 3352 σρωματᾶς,
735 3250 859 3350 aeris,
884 3260 974 3332 unde
997 3254 1087 3327 libris
1110 3255 1183 3325 suis
1212 3250 1281 3320 titt

359 3386 410 3456 los
433 3379 605 3458 confecere
632 3385 808 3479 Meleager
831 3386 1043 3474 Gadarenus,
1067 3375 1281 3465 &Philipps
