2634 3934
357 258 753 370 annuunt
834 338 838 343 ,
1005 292 1079 352 ss

46 468 52 479 ·
96 419 269 507 Perdere,
290 415 484 491 &horrenti
505 418 640 487 tunicam
662 444 722 486 non
746 416 876 484 reddere
895 421 1028 494 seruo.iv

100 540 191 632 Quis
212 535 343 604 totidem
364 535 466 604 erexit
488 534 596 603 uillas?
618 536 683 627 quis
705 531 821 601 sertula
843 549 965 622 septem
1050 528 1052 543 “

101 655 242 724 Secreto
263 652 398 722 coenavit
418 650 512 717 avus?
536 671 616 716 nunc
637 651 770 738 sportula
793 649 895 741 primo

103 770 238 838 Limine
259 790 353 859 parva
375 764 480 846 sedet,
502 765 601 833 turbae
621 764 766 875 rapienda
788 781 921 858 togatas.

104 885 174 954 Ille
196 903 302 953 tamen
324 878 430 949 faciem
451 881 534 972 prius
554 881 694 974 inspicit,
715 880 751 950 dc
772 883 926 974 trepidat,
949 896 990 950 ne

105 1001 296 1092 Suppositus
317 998 434 1082 venias,
455 1016 492 1064 ac
512 996 588 1065 salso
609 1001 732 1067 nomine
754 1020 876 1089 poscas.

110 1114 256 1207 Agnitus
275 1115 421 1208 accipies,
443 1118 528 1198 iubet
549 1139 567 1183 a
588 1136 732 1207 precone
753 1111 854 1182 vocari
895 1160 901 1181 ι

112 1231 203 1322 Ipsos
225 1226 434 1325 Troiugenas.
465 1230 545 1296 Nam
567 1221 679 1299 venant
702 1232 798 1297 limen
820 1229 933 1321 &ipsi
1063 1312 1077 1344 o

114 1345 300 1416 Nobiscums
338 1347 379 1413 da
398 1343 550 1429 Pretori,
570 1347 608 1413 da
626 1342 741 1413 ¹deinde
764 1342 917 1415 Tribuno.
996 1376 1000 1383 ¹

116 1464 178 1533 Sed
201 1462 360 1529 libertinus
381 1463 464 1552 prior
485 1479 548 1531 est:
571 1464 674 1553 prior,
696 1465 813 1555 inquit,
836 1488 896 1557 ego
910 1464 1031 1529 adsum.

116 1578 185 1648 Cur
206 1580 353 1648 timeam?
376 1579 550 1647 dubitemve
572 1580 674 1646 locum
687 1577 875 1648 defendere?
897 1577 1035 1668 quamvis

119 1692 223 1759 Natus
244 1694 282 1756 ad
302 1691 516 1776 Euphratem,
539 1691 646 1751 molles
661 1693 740 1774 quod
755 1692 787 1752 in
803 1711 875 1752 aure
889 1688 1035 1753 fenestra

122 1802 317 1896 Arguerint,
339 1801 414 1867 licet
435 1800 500 1890 ipse
521 1818 648 1892 negem:
671 1802 723 1869 sed
744 1802 879 1895 quinque
900 1804 1036 1869 taberne

119 1919 358 2013 Quadringenta
379 1931 504 2007 paranti
525 1915 610 2009 Quid
631 1915 753 1985 confert
773 1939 907 2011 purpura
925 1902 1022 2002 maior

119 2035 323 2127 Optandum,
345 2033 370 2100 si
390 2031 541 2100 Laurenti
561 2035 693 2107 custodit
715 2036 746 2101 in
767 2061 844 2130 agro

121 2149 294 2221 Condudias
314 2147 468 2218 Corvinm
488 2151 591 2220 oveis?
612 2174 673 2244 ego
695 2155 831 2242 possideo
852 2157 922 2244 plus

122 2265 284 2349 Pallante,
305 2263 341 2333 dt
362 2264 492 2333 Licinis.
515 2263 697 2357 Exspediant
719 2288 795 2361 ergo
817 2266 965 2347 Tribunis

122 2382 264 2454 Videant
285 2380 430 2450 Divitiae:
453 2380 537 2477 sacro
557 2404 616 2451 nec
636 2384 735 2452 cedat·
749 2359 874 2470 honori,

123 2496 233 2587 Nuper
255 2498 286 2562 in
308 2496 386 2566 iranc
408 2500 514 2566 urbem
535 2502 660 2590 pedibus
680 2505 735 2592 qui
756 2523 884 2572 venerat
905 2503 997 2571 arnna

126 2610 385 2703 Quandoquidem
406 2615 489 2679 inter
511 2637 564 2679 nos
586 2615 763 2703 sanstissima
786 2618 959 2685 divitiarum
1066 2636 1071 2646 ’

124 2725 292 2811 Maiestas:
314 2727 373 2792 etsi
394 2722 514 2795 funesta
536 2727 668 2796 Pecunia
691 2733 809 2824 templo

126 2842 270 2912 Nondum
298 2841 429 2927 habitas,
452 2846 549 2912 nullas
570 2869 761 2917 nuuunorum
783 2851 936 2919 ereximus
954 2871 1041 2939 aras,

125 2953 179 3028 Ut
202 2960 314 3028 colitur
336 2955 419 3042 Pax,
442 2979 534 3050 atque
557 2961 664 3047 Fides,
683 2965 840 3051 Victoria,
864 2969 996 3050 Virtus,

126 3073 269 3168 Quaque
289 3074 421 3143 salutato
440 3077 578 3168 trepidat
598 3079 770 3151 Concordia
782 3054 880 3151 nido:

184 3191 246 3261 Sed
268 3214 338 3258 cum
360 3213 492 3260 summus
506 3194 609 3263 honor
631 3196 717 3267 finito
736 3216 897 3290 computet
918 3219 1019 3281 anno,

131 3305 274 3396 Sporum
295 3306 367 3398 quid
390 3307 524 3393 referat,
546 3332 693 3402 quantum
713 3316 879 3383 ‘rationibus
896 3315 1005 3385 addat:

127 3420 1042 3528 Qidsesientcornites,quibushinctoga,caleeushincest,
