2634 3934
306 214 367 291 ao
556 178 986 274 tuvannurs
1303 228 1305 283 q

301 343 373 412 Non
396 352 570 433 monstrare
592 338 676 422 vias,
695 338 804 406 endem
824 336 882 405 nisi
903 326 1146 424 sacracoient15

300 458 476 551 Quaesitum
491 459 535 527 'ad
557 451 677 539 sontem
698 459 778 524 solos
798 454 949 525 deducere
972 473 1102 543 uerpos.
1280 548 1283 553 θ

300 573 364 645 Sed
386 575 530 668 paterio
551 596 673 657 caussa,
693 574 744 642 cui
765 572 895 666 septima
916 589 1046 661 quaque
1067 564 1128 635 fuit
1150 569 1207 637 lux

299 687 437 785 Ignara,
459 689 495 757 dc
515 708 639 780 partem
662 691 737 760 vitae
758 714 821 757 non
843 687 951 781 attigit
971 687 1086 755 ullam.

357 807 479 895 Sponte
500 823 606 875 tamen
627 813 757 888 juvenes
779 806 941 889 imitantur
960 820 1083 872 cetera:
1105 802 1204 870 solam

250 1002 255 1011 ‚
296 916 397 990 Inviti
417 941 541 1014 quoque
562 904 726 991 avaritiam
743 944 892 992 exercere
912 922 1074 1006 jubentur.

296 1035 417 1108 Fnrur
438 1039 522 1107 enim
543 1038 651 1106 vitium
673 1038 776 1130 specie
796 1039 921 1108 virtutis
941 1037 977 1107 dc
998 1038 1125 1117 umbra,

296 1152 386 1224 Cum
406 1156 447 1223 sit
471 1157 561 1224 triste
582 1156 689 1233 habitu
711 1154 861 1247 vultuque
890 1153 926 1223 δε
949 1172 1037 1222 ueste
1059 1173 1227 1237 severum,

295 1266 367 1339 Nec
388 1271 497 1355 dubio,¹
519 1290 668 1364 tanquam
687 1270 791 1366 frugi,
811 1270 953 1341 laudetur
973 1292 1100 1351 avarus,

295 1379 462 1479 Tanquam
483 1410 593 1476 parcus
613 1390 707 1454 homo
713 1434 724 1469 ,
746 1388 900 1457 &rerum
922 1388 1022 1455 tutela
1042 1407 1169 1454 suarum
1304 1450 1306 1513 4

294 1499 396 1572 Certa
418 1502 535 1595 magis,
555 1522 647 1594 qnam
669 1500 696 1568 si
716 1498 856 1569 fortunas
875 1521 980 1569 servet
1000 1503 1130 1568 easdem
1305 1566 1306 1575 ,

294 1616 512 1712 Hesperidum
522 1639 647 1712 serpens
660 1610 1226 1708 autPonticos.Addequodhunc‚de

236 1802 240 1813 ,
293 1733 371 1825 Quo
393 1737 522 1828 loquor,
543 1735 707 1835 egregium
729 1738 861 1830 populus
882 1749 975 1827 putat
994 1734 1181 1835 adquirendi
1303 1782 1306 1879 ⁴

293 1845 478 1918 Artificem:
501 1854 617 1943 quippe
639 1853 686 1919 his
708 1870 852 1923 crescunt
873 1850 1059 1944 patrimonia
1079 1848 1193 1934 fabris,
1305 1908 1306 1911 ,

291 1959 356 2027 Sed
379 1960 523 2030 cresc'unt
544 1988 728 2056 quocunque
748 1971 859 2051 modo,
881 1968 1061 2061 majoraque
1081 1966 1161 2035 fiunt

290 2070 411 2145 Incude
436 2078 573 2164 assidua,
595 2102 777 2173 semperque
798 2083 930 2151 ardente
950 2082 1090 2152 camino.

288 2191 338 2265 Et
358 2212 451 2288 pater
471 2219 550 2291 ergo
569 2196 663 2265 animi
684 2197 791 2270 felices
811 2201 912 2270 credit
932 2224 1058 2285 avaros,

288 2309 359 2405 Qui
379 2312 511 2383 miratur
531 2336 623 2404 opes,
645 2318 700 2405 qui
720 2319 808 2386 nulla·
826 2318 969 2409 exempla
990 2317 1074 2386 beati

287 2424 440 2520 Pauperis
461 2449 528 2496 esse
549 2445 656 2520 putat:
679 2435 806 2514 juvenes
826 2434 990 2518 hortatur,
1012 2452 1048 2504 ut
1070 2434 1156 2502 illam

43 2595 49 2607 .
148 2621 169 2643 Ι,
287 2540 344 2611 Ire
366 2545 447 2613 viam
469 2563 624 2641 pergant,
645 2546 682 2618 dr
702 2550 804 2620 eidem
824 2553 1000 2621 incumbere
1021 2550 1126 2618 sedtae.

285 2659 378 2728 sum
397 2662 538 2753 quaedam
553 2666 698 2733 vitiorum
711 2670 888 2737 elementa:
910 2669 956 2739 his
969 2668 1110 2759 protinus
1121 2667 1193 2735 illos

283 2772 419 2858 imbuit,
440 2776 477 2851 ἅ
497 2781 585 2875 cogit
605 2783 747 2852 minimas
766 2786 902 2853 ediscere
924 2784 1052 2854 sordes:

283 2888 372 2962 Mox
393 2891 575 2987 adquirendi
596 2897 688 2968 docet
710 2901 880 2970 insatiabile
901 2919 1027 2972 votum.

281 3007 452 3089 Servorum
474 3034 601 3085 ventres
621 3017 725 3086 modio
745 3020 875 3113 castigat
895 3021 1023 3112 iniquo,

280 3121 355 3218 Ipse
370 3151 493 3222 quoque
507 3125 662 3203 esuriens:
676 3137 874 3226 nequeenim
888 3135 991 3219 omnia
1005 3138 1137 3221 sustinet
1149 3157 1212 3204 un·

277 3237 413 3315 Mucida
426 3248 561 3321 coeiurei
572 3251 659 3341 panis
679 3275 860 3335 consumere
872 3249 990 3338 frusta,
1026 3340 1028 3345 Ι
1083 3231 1209 3357 (quam
1240 3334 1244 3340 .

276 3353 481 3472 Hesternum
503 3366 612 3442 solitus
632 3348 742 3443 medio
757 3392 879 3447 serram
899 3369 1031 3441 minutal
