2634 3934
369 235 657 311 susurru
702 193 761 306 iu.
911 313 915 328 ¹
969 263 1028 323 η,

81 393 223 464 Nescio
244 392 337 483 quid,
359 408 518 482 superest,
540 389 575 458 dc
597 390 694 479 pallet
715 386 844 457 soenoris
866 385 987 481 auddr3

74 511 180 601 Qui-
198 499 322 577 vertere
343 510 462 590 solum,
486 509 592 589 Bajas,
608 505 647 604 y&
669 509 707 573 ad
729 521 830 570 ostrea
852 525 995 576 currunt.
1068 583 1073 590 ,

79 625 234 694 Cedere
259 648 389 716 namque
412 621 481 689 foro
503 626 564 706 jarn
587 646 647 688 non
662 638 708 686 est
722 620 875 714 deterius,
899 644 989 711 qnam

82 739 295 832 Esquiliasa
317 740 452 807 ferventi
473 741 606 831 migrare
628 738 777 805 Suburra.

81 856 164 924 Ille
186 857 275 924 dolor
297 857 377 921 solus
399 856 528 946 patriam
549 854 752 949 fugientibus,
774 857 826 926 illa

83 973 266 1044 Moestitia
287 988 352 1056 est,
374 974 503 1040 caruisse
522 997 604 1040 anno
624 974 818 1043 Circensibus
839 1000 917 1048 uno.
1025 1033 1030 1044 .

80 1090 267 1181 Sanguinis
288 1090 319 1155 in
340 1087 416 1157 facie
438 1117 499 1158 non
521 1092 620 1157 heret
642 1111 748 1182 gutta:
773 1109 932 1158 morantur

82 1205 197 1272 Pauci
217 1205 378 1274 ridiculum
399 1178 600 1299 effugientem
622 1227 661 1271 ex
676 1201 767 1274 Urbe
788 1209 952 1296 pudorem.

156 1320 328 1412 Experiere
350 1323 460 1405 hodie,
483 1322 617 1412 nunquid
639 1321 844 1420 pulcherrirna
858 1323 957 1411 diuu,

84 1436 239 1520 Persice,
262 1463 323 1505 non
345 1458 490 1531 praestem
513 1441 576 1507 vita
598 1441 648 1509 vei
663 1439 813 1523 moribus,
834 1440 869 1511 dc
884 1462 934 1508 re:

86 1553 157 1621 Sed
181 1555 301 1621 faudem
323 1558 444 1646 siliquas
465 1558 604 1625 occultus
626 1579 743 1648 ganeo,
764 1560 865 1646 pultes

82 1665 214 1737 Coram
227 1670 292 1731 aliis
305 1670 414 1731 didern
430 1690 545 1756 puero;
567 1670 619 1731 sed
641 1670 778 1747 inaure,
799 1671 971 1755 placentas,

62 1785 67 1791 ’
88 1784 177 1854 Nam
197 1804 268 1848 cum
290 1783 328 1845 sis
349 1782 477 1848 conviva
499 1781 573 1847 mihi
593 1782 774 1872 promissus,
794 1782 915 1849 habebis

89 1899 291 1980 Evandrum,
315 1899 416 1965 venies
430 1896 623 1982 Tirirrthius,
645 1916 699 1965 aut
721 1900 822 1966 minor
843 1899 899 1965 illo

90 2016 241 2105 Hospes,
265 2012 377 2105 &ipse
392 2033 495 2083 tamen
509 2017 692 2109 contingens
705 2018 850 2109 sanguine
865 2018 994 2088 coelunz

91 2128 192 2198 Alter
213 2133 315 2221 aquis,
337 2132 417 2198 alter
439 2134 568 2201 flammis
589 2134 626 2201 ad
649 2135 747 2200 sidera
767 2135 886 2200 missus.

92 2247 223 2316 Fercula
245 2272 328 2315 nunc
348 2244 417 2315 audi
439 2250 529 2316 nullis
550 2265 659 2316 ornata
681 2249 830 2318 macellis.

93 2363 147 2431 De
161 2362 327 2432 Tiburtino
350 2366 454 2447 venies
475 2366 686 2459 pinguissimus
703 2387 778 2457 agro

94 2478 275 2561 Hoedulus,
297 2479 332 2546 dc
355 2499 425 2548 toto
446 2506 545 2575 grege
568 2482 712 2563 mollior,
734 2482 845 2548 inscius
865 2480 985 2565 herbas,
1060 2477 1066 2488 ”

94 2592 232 2663 Necdum
253 2615 339 2658 ausus
363 2597 462 2685 virgas
484 2596 604 2661 humilis
626 2596 767 2677 mordere
782 2594 893 2676 salini,
996 2645 997 2650 η
1019 2613 1033 2660 ῑ

92 2710 156 2802 Qui
170 2707 332 2800 plusiadis
346 2706 567 2801 habet',.quam
581 2708 752 2801 sanguinis3
773 2708 807 2777 dc
818 2711 956 2779 montani

96 2824 259 2920 Asparagi,
282 2827 382 2916 posito
403 2850 476 2917 quos
498 2828 577 2918 legit
599 2826 699 2893 villica
721 2823 803 2893 fuso.

96 2942 233 3028 Grandia¹>
247 2958 417 3032 praeterea,
439 2939 586 3032 tetroque
606 2922 737 3011 calentia
759 2940 845 3014 freno

97 3059 161 3126 Oua
180 3060 290 3128 adsunt
312 3059 383 3149 ipsis
403 3082 474 3126 curn
495 3061 657 3142 matribus,
680 3058 715 3127 dc
735 3077 866 3128 servatae
971 3087 980 3100 =

95 3172 183 3245 Parte
204 3177 293 3258 anni,
315 3177 419 3266 quales
440 3172 563 3243 fuerant
585 3179 616 3246 in
639 3177 768 3258 vitibus,
790 3194 888 3243 uvaer'

97 3289 247 3381 Signinum
268 3292 452 3383 Syriumque
475 3295 593 3383 pirum,
616 3294 655 3359 de
677 3291 824 3395 corbibus⁸
836 3290 937 3360 Isdem

98 3402 220 3482 AEnula
244 3404 382 3492 Picenis,
405 3409 440 3478 dc
454 3410 555 3478 odoris
577 3409 655 3476 mala
677 3406 831 3487 recentis,

708 3518 724 3586 l
