2634 3934
355 248 764 323 SATYRAIII.
961 269 1024 334 ²07

96 404 193 495 Jure:
213 401 331 473 etenim
352 401 382 471 id
405 424 577 484 summum,
599 402 672 491 quid
694 402 806 470 dexter
828 402 913 468 senio
927 398 1026 473 ferret

96 522 208 607 Scire,
231 538 300 590 erat
320 520 353 588 in
376 538 466 589 voto:
489 519 634 585 damnosa
654 520 792 586 canicula
813 533 962 611 quantum

97 636 263 723 Raderet,
284 653 427 730 angustae
448 635 532 704 collo
553 659 615 702 non
641 631 742 704 sallier
763 658 862 703 orcae:

97 753 173 828 Nou
194 756 262 847 quis
283 753 424 819 callidior
446 753 557 821 bunum
580 768 729 845 torquere
751 753 895 847 flagello.

94 870 199 939 Haud
221 869 278 938 tibi
299 869 493 960 inexpertum
515 890 623 939 curvos
644 871 839 963 deprepdere
860 891 981 953 mores,

96 985 249 1079 Quaeque
270 985 363 1054 docet
383 987 500 1077 sapiens
523 987 670 1057 braccatis
692 988 787 1054 inlita
803 984 912 1053 Medis

95 1101 246 1174 Porticus
266 1101 429 1188 insomnis,
452 1105 613 1195 quibus&
636 1106 763 1174 dentosa
784 1105 930 1185 juventus

97 1218 269 1314 Invigilat,
290 1219 425 1310 siliquis,
448 1220 615 1311 &grandi
636 1238 723 1311 pasta
743 1220 887 1311 polenta.

97 1335 145 1405 Et
170 1337 226 1403 tibi
249 1358 319 1425 quae
341 1335 459 1402 Samios
480 1334 599 1402 diduxit
622 1335 727 1435 littera
749 1358 868 1421 ramos,

99 1452 293 1545 Surgentem
313 1451 426 1519 dextro
447 1453 630 1522 monstravit
654 1455 754 1522 limite
772 1454 905 1523 callem.

100 1565 217 1637 Stertis
238 1568 358 1638 adhuc?
382 1569 547 1655 laxumque
569 1589 662 1656 caput
684 1592 835 1661 compage
857 1569 956 1634 soluta

101 1678 229 1746 Oscitat
251 1682 450 1762 hesternum,
472 1681 591 1748 dissutis
614 1683 748 1772 undique
769 1683 878 1750 malis?

103 1793 163 1864 Est
186 1795 299 1885 aliquid
325 1818 387 1888 quo
403 1797 523 1879 tendis,
545 1796 580 1867 dt
603 1800 635 1866 in
650 1798 731 1890 quod
752 1799 858 1891 dirigis
879 1798 1008 1866 arcum?

101 1908 159 1981 Au
182 1910 293 2004 passim
316 1914 452 2010 sequeris
472 1934 599 2000 corvos,
622 1932 783 2008 testaque,
805 1917 956 2007 lutoque,

101 2028 236 2098 Secutus
258 2052 321 2121 quo
342 2053 397 2121 pes
418 2020 517 2115 ferat,
538 2050 631 2126 atque
654 2056 694 2100 ex
716 2051 859 2126 tempore
880 2035 976 2103 vivis?
1025 2086 1027 2093 ,

100 2142 315 2214 Helleborum
337 2145 466 2231 frustra,
489 2173 560 2218 cum
583 2156 644 2234 jann
666 2150 745 2216 cutis
767 2172 852 2240 aegra
876 2150 1029 2232 tumebit,

101 2259 273 2330 Poscentes
295 2264 413 2334 videas:
438 2267 577 2334 venienti
597 2266 754 2333 occurrite
776 2263 897 2330 morbo.

100 2375 148 2449 Et
168 2379 243 2471 quid
266 2405 341 2473 opus
355 2381 491 2451 Cratero
512 2391 641 2478 magnos
662 2381 847 2475 promittere
863 2383 1007 2477 montes?

99 2492 228 2563 Discite
249 2520 269 2560 o
288 2498 412 2580 miseri,
433 2497 469 2566 dt
490 2522 593 2565 causas
615 2501 795 2590 cognoscite
817 2520 942 2582 rerum,
1025 2544 1029 2549 »

102 2607 191 2702 Quid
211 2631 332 2697 sumus,
353 2608 548 2703 &quidnam
571 2613 677 2683 viduri
699 2613 878 2706 gignimur,
898 2615 977 2682 ordo

100 2723 183 2819 Qnis
196 2727 305 2814 datus,
326 2745 381 2798 aut
393 2746 489 2798 metae
502 2753 595 2821 quam
609 2731 712 2798 mollis
725 2731 842 2814 flexus,
856 2729 891 2798 dr
906 2731 1007 2801 under

101 2841 182 2936 Quis
203 2843 311 2916 nodus
332 2862 485 2940 argento,
506 2848 578 2940 quid
600 2845 644 2916 fas
666 2863 795 2939 optare,
815 2847 887 2939 quid
910 2870 1001 2941 asper
1100 2878 1103 2893 ·

102 2954 201 3029 Utile
223 2984 366 3035 nummus
389 2961 499 3032 habet:
521 2967 652 3056 patriar,
675 2966 813 3058 carisque
827 2963 1010 3059 propinquis

102 3074 267 3168 Quantam
289 3080 415 3175 elargiri
436 3080 566 3151 deceat:
588 3104 680 3173 quem
702 3099 738 3149 te
759 3080 848 3151 Deus
869 3103 936 3151 esse

103 3190 218 3281 Jlussit',
237 3195 272 3266 dt
293 3191 423 3267 humana
444 3220 503 3290 qua
524 3217 615 3291 parte
636 3201 755 3268 locatus
776 3221 809 3266 es
830 3201 864 3266 in
885 3218 942 3267 re·
1008 3198 1011 3203 ⁴

103 3302 1008 3410 mewmmm,

104 3422 143 3494 In
164 3426 322 3521 locuplete
342 3456 445 3524 penu,
467 3433 600 3509 delensis
619 3433 781 3530 pinguibus
803 3430 955 3517 Umbris,
