<?xml version="1.0" encoding="UTF-8"?>
<!DOCTYPE html PUBLIC "-//W3C//DTD XHTML 1.0 Transitional//EN"
    "http://www.w3.org/TR/xhtml1/DTD/xhtml1-transitional.dtd">
<html xmlns="http://www.w3.org/1999/xhtml" xml:lang="en" lang="en">
 <head>
  <title>
</title>
<meta http-equiv="Content-Type" content="text/html;charset=utf-8" />
  <meta name='ocr-system' content='tesseract 3.04.00' />
  <meta name='ocr-capabilities' content='ocr_page ocr_carea ocr_par ocr_line ocrx_word'/>
</head>
<body>
  <div class='ocr_page' id='page_1' title='image "./djuniijuvenalis00casagoog_0071.png"; bbox 0 0 2634 3934; ppageno 0'>
   <div class='ocr_carea' id='block_1_1' title="bbox 373 340 1038 416">
    <p class='ocr_par' dir='ltr' id='par_1_1' title="bbox 373 340 1038 416">
     <span class='ocr_line' id='line_1_1' title="bbox 373 340 1038 416; baseline -0.003 -1"><span class='ocrx_word' id='word_1_1' title='bbox 373 340 666 416; x_wconf 74' lang='lat' dir='ltr'>SATYRA</span> <span class='ocrx_word' id='word_1_2' title='bbox 723 343 749 410; x_wconf 83' lang='lat' dir='ltr'>I·</span> <span class='ocrx_word' id='word_1_3' title='bbox 985 346 1038 413; x_wconf 70' lang='grc' dir='ltr'>η’</span> 
     </span>
    </p>
   </div>
   <div class='ocr_carea' id='block_1_2' title="bbox 79 460 1020 1626">
    <p class='ocr_par' dir='ltr' id='par_1_2' title="bbox 79 460 1020 1508">
     <span class='ocr_line' id='line_1_2' title="bbox 89 460 986 584; baseline -0.007 -25"><span class='ocrx_word' id='word_1_4' title='bbox 89 494 154 567; x_wconf 84' lang='lat' dir='ltr'>Nil</span> <span class='ocrx_word' id='word_1_5' title='bbox 182 492 245 560; x_wconf 89' lang='lat' dir='ltr'>erit</span> <span class='ocrx_word' id='word_1_6' title='bbox 265 494 409 575; x_wconf 90' lang='lat' dir='ltr'>ulterius,</span> <span class='ocrx_word' id='word_1_7' title='bbox 430 495 512 584; x_wconf 90' lang='lat' dir='ltr'>quod</span> <span class='ocrx_word' id='word_1_8' title='bbox 534 496 644 559; x_wconf 89' lang='lat' dir='ltr'>nostris</span> <span class='ocrx_word' id='word_1_9' title='bbox 664 492 795 558; x_wconf 88' lang='lat' dir='ltr'>moribus</span> <span class='ocrx_word' id='word_1_10' title='bbox 816 487 908 567; x_wconf 89' lang='lat' dir='ltr'>addat</span> <span class='ocrx_word' id='word_1_11' title='bbox 968 460 986 492; x_wconf 30' lang='grc' dir='ltr'><strong>ἡ</strong></span> 
     </span>
     <span class='ocr_line' id='line_1_3' title="bbox 86 605 958 698; baseline -0.005 -19"><span class='ocrx_word' id='word_1_12' title='bbox 86 607 292 679; x_wconf 82' lang='lat' dir='ltr'>Posterltest</span> <span class='ocrx_word' id='word_1_13' title='bbox 314 609 424 678; x_wconf 86' lang='lat' dir='ltr'>eadem</span> <span class='ocrx_word' id='word_1_14' title='bbox 443 611 592 698; x_wconf 89' lang='lat' dir='ltr'>cupient,</span> <span class='ocrx_word' id='word_1_15' title='bbox 612 605 787 696; x_wconf 86' lang='lat' dir='ltr'>facientque</span> <span class='ocrx_word' id='word_1_16' title='bbox 808 606 958 675; x_wconf 77' lang='lat' dir='ltr'>minores.</span> 
     </span>
     <span class='ocr_line' id='line_1_4' title="bbox 84 714 1020 816; baseline -0.003 -26"><span class='ocrx_word' id='word_1_17' title='bbox 84 723 215 792; x_wconf 88' lang='lat' dir='ltr'><strong>Omne</strong></span> <span class='ocrx_word' id='word_1_18' title='bbox 236 725 267 790; x_wconf 87' lang='lat' dir='ltr'>in</span> <span class='ocrx_word' id='word_1_19' title='bbox 289 721 444 816; x_wconf 79' lang='lat' dir='ltr'>praecipiti</span> <span class='ocrx_word' id='word_1_20' title='bbox 466 721 574 803; x_wconf 76' lang='lat' dir='ltr'>uitium</span> <span class='ocrx_word' id='word_1_21' title='bbox 596 723 700 813; x_wconf 76' lang='lat' dir='ltr'>stetit.</span> <span class='ocrx_word' id='word_1_22' title='bbox 724 717 828 797; x_wconf 83' lang='lat' dir='ltr'>Utere</span> <span class='ocrx_word' id='word_1_23' title='bbox 850 720 941 787; x_wconf 84' lang='lat' dir='ltr'>velis:</span> <span class='ocrx_word' id='word_1_24' title='bbox 1018 714 1020 725; x_wconf 70' lang='grc'>’</span> 
     </span>
     <span class='ocr_line' id='line_1_5' title="bbox 84 816 917 930; baseline 0 -27"><span class='ocrx_word' id='word_1_25' title='bbox 84 834 210 906; x_wconf 89' lang='lat' dir='ltr'>Totos</span> <span class='ocrx_word' id='word_1_26' title='bbox 231 839 332 930; x_wconf 89' lang='lat' dir='ltr'>pande</span> <span class='ocrx_word' id='word_1_27' title='bbox 355 816 450 903; x_wconf 86' lang='lat' dir='ltr'>sinus.</span> <span class='ocrx_word' id='word_1_28' title='bbox 472 836 565 904; x_wconf 87' lang='lat' dir='ltr'><strong>Dicas</strong></span> <span class='ocrx_word' id='word_1_29' title='bbox 587 838 655 905; x_wconf 91' lang='lat' dir='ltr'>heic</span> <span class='ocrx_word' id='word_1_30' title='bbox 670 836 815 919; x_wconf 83' lang='lat' dir='ltr'>forsitan,</span> <span class='ocrx_word' id='word_1_31' title='bbox 836 835 917 903; x_wconf 87' lang='lat' dir='ltr'>unde</span> 
     </span>
     <span class='ocr_line' id='line_1_6' title="bbox 83 953 885 1047; baseline -0.005 -26"><span class='ocrx_word' id='word_1_32' title='bbox 83 953 273 1047; x_wconf 80' lang='lat' dir='ltr'>Ingenium</span> <span class='ocrx_word' id='word_1_33' title='bbox 295 976 350 1043; x_wconf 89' lang='lat' dir='ltr'>par</span> <span class='ocrx_word' id='word_1_34' title='bbox 371 953 529 1023; x_wconf 66' lang='lat' dir='ltr'>materie?</span> <span class='ocrx_word' id='word_1_35' title='bbox 553 955 633 1021; x_wconf 88' lang='lat' dir='ltr'>unde</span> <span class='ocrx_word' id='word_1_36' title='bbox 654 955 707 1022; x_wconf 87' lang='lat' dir='ltr'>illa</span> <span class='ocrx_word' id='word_1_37' title='bbox 730 954 885 1043; x_wconf 87' lang='lat' dir='ltr'>priorum,</span> 
     </span>
     <span class='ocr_line' id='line_1_7' title="bbox 82 1067 949 1163; baseline -0.007 -27"><span class='ocrx_word' id='word_1_38' title='bbox 82 1068 268 1136; x_wconf 88' lang='lat' dir='ltr'>Scribendi</span> <span class='ocrx_word' id='word_1_39' title='bbox 289 1069 498 1160; x_wconf 82' lang='lat' dir='ltr'>quodcumque</span> <span class='ocrx_word' id='word_1_40' title='bbox 521 1070 622 1137; x_wconf 87' lang='lat' dir='ltr'>animo</span> <span class='ocrx_word' id='word_1_41' title='bbox 644 1070 798 1163; x_wconf 84' lang='lat' dir='ltr'>flagrante</span> <span class='ocrx_word' id='word_1_42' title='bbox 818 1067 949 1161; x_wconf 88' lang='lat' dir='ltr'>liberet,</span> 
     </span>
     <span class='ocr_line' id='line_1_8' title="bbox 82 1181 898 1273; baseline -0.006 -21"><span class='ocrx_word' id='word_1_43' title='bbox 82 1181 310 1273; x_wconf 76' lang='lat' dir='ltr'>Simplicitas,</span> <span class='ocrx_word' id='word_1_44' title='bbox 332 1188 416 1268; x_wconf 87' lang='lat' dir='ltr'>cujus</span> <span class='ocrx_word' id='word_1_45' title='bbox 439 1211 500 1254; x_wconf 88' lang='lat' dir='ltr'>non</span> <span class='ocrx_word' id='word_1_46' title='bbox 522 1188 618 1254; x_wconf 84' lang='lat' dir='ltr'>audeo</span> <span class='ocrx_word' id='word_1_47' title='bbox 639 1187 742 1254; x_wconf 78' lang='lat' dir='ltr'>dicere</span> <span class='ocrx_word' id='word_1_48' title='bbox 765 1183 898 1248; x_wconf 80' lang='lat' dir='ltr'>nomen?</span> 
     </span>
     <span class='ocr_line' id='line_1_9' title="bbox 79 1297 904 1393; baseline -0.001 -28"><span class='ocrx_word' id='word_1_49' title='bbox 79 1298 190 1391; x_wconf 70' lang='lat' dir='ltr'>Quid</span> <span class='ocrx_word' id='word_1_50' title='bbox 213 1297 311 1367; x_wconf 85' lang='lat' dir='ltr'>refert</span> <span class='ocrx_word' id='word_1_51' title='bbox 333 1300 418 1367; x_wconf 75' lang='lat' dir='ltr'>didlis</span> <span class='ocrx_word' id='word_1_52' title='bbox 439 1303 577 1393; x_wconf 79' lang='lat' dir='ltr'>ignoscat</span> <span class='ocrx_word' id='word_1_53' title='bbox 598 1301 740 1382; x_wconf 78' lang='lat' dir='ltr'>Mutius,</span> <span class='ocrx_word' id='word_1_54' title='bbox 762 1320 800 1371; x_wconf 90' lang='lat' dir='ltr'>an</span> <span class='ocrx_word' id='word_1_55' title='bbox 822 1298 904 1365; x_wconf 78' lang='lat' dir='ltr'>non?</span> 
     </span>
     <span class='ocr_line' id='line_1_10' title="bbox 86 1402 831 1508; baseline 0 -28"><span class='ocrx_word' id='word_1_56' title='bbox 86 1411 193 1481; x_wconf 86' lang='lat' dir='ltr'>Pone</span> <span class='ocrx_word' id='word_1_57' title='bbox 215 1411 424 1508; x_wconf 83' lang='lat' dir='ltr'>Tigellinum:</span> <span class='ocrx_word' id='word_1_58' title='bbox 447 1402 529 1483; x_wconf 77' lang='lat' dir='ltr'>taeda</span> <span class='ocrx_word' id='word_1_59' title='bbox 551 1417 666 1484; x_wconf 90' lang='lat' dir='ltr'>lucebit</span> <span class='ocrx_word' id='word_1_60' title='bbox 688 1416 719 1481; x_wconf 91' lang='lat' dir='ltr'>in</span> <span class='ocrx_word' id='word_1_61' title='bbox 741 1414 831 1497; x_wconf 83' lang='lat' dir='ltr'>illa,-</span> 
     </span>
    </p>

    <p class='ocr_par' dir='ltr' id='par_1_3' title="bbox 86 1529 938 1626">
     <span class='ocr_line' id='line_1_11' title="bbox 86 1529 938 1626; baseline -0.005 -28"><span class='ocrx_word' id='word_1_62' title='bbox 86 1529 174 1621; x_wconf 79' lang='lat' dir='ltr'>Qa</span> <span class='ocrx_word' id='word_1_63' title='bbox 194 1547 311 1600; x_wconf 87' lang='lat' dir='ltr'>stantes</span> <span class='ocrx_word' id='word_1_64' title='bbox 332 1533 461 1617; x_wconf 86' lang='lat' dir='ltr'>ardent,</span> <span class='ocrx_word' id='word_1_65' title='bbox 483 1534 536 1624; x_wconf 89' lang='lat' dir='ltr'>qui</span> <span class='ocrx_word' id='word_1_66' title='bbox 557 1530 617 1600; x_wconf 82' lang='lat' dir='ltr'>fixo</span> <span class='ocrx_word' id='word_1_67' title='bbox 642 1550 772 1626; x_wconf 86' lang='lat' dir='ltr'>gutture</span> <span class='ocrx_word' id='word_1_68' title='bbox 797 1529 938 1610; x_wconf 88' lang='lat' dir='ltr'>fumant,</span> 
     </span>
    </p>
   </div>
   <div class='ocr_carea' id='block_1_3' title="bbox 4 1642 810 1716">
    <p class='ocr_par' dir='ltr' id='par_1_4' title="bbox 4 1642 810 1716">
     <span class='ocr_line' id='line_1_12' title="bbox 4 1642 810 1716; baseline -0.007 -6"><span class='ocrx_word' id='word_1_69' title='bbox 4 1682 5 1691; x_wconf 25' lang='grc' dir='ltr'><strong>κ</strong></span> <span class='ocrx_word' id='word_1_70' title='bbox 85 1642 143 1710; x_wconf 87' lang='lat' dir='ltr'>Et</span> <span class='ocrx_word' id='word_1_71' title='bbox 169 1645 267 1714; x_wconf 90' lang='lat' dir='ltr'>latum</span> <span class='ocrx_word' id='word_1_72' title='bbox 288 1650 388 1716; x_wconf 84' lang='lat' dir='ltr'>media</span> <span class='ocrx_word' id='word_1_73' title='bbox 410 1650 527 1711; x_wconf 85' lang='lat' dir='ltr'>sulcum</span> <span class='ocrx_word' id='word_1_74' title='bbox 548 1648 679 1708; x_wconf 87' lang='lat' dir='ltr'>deducet</span> <span class='ocrx_word' id='word_1_75' title='bbox 701 1667 810 1708; x_wconf 87' lang='lat' dir='ltr'>arena.</span> 
     </span>
    </p>
   </div>
   <div class='ocr_carea' id='block_1_4' title="bbox 3 1744 1011 3365">
    <p class='ocr_par' dir='ltr' id='par_1_5' title="bbox 87 1744 981 2078">
     <span class='ocr_line' id='line_1_13' title="bbox 87 1744 981 1847; baseline -0.007 -25"><span class='ocrx_word' id='word_1_76' title='bbox 87 1758 169 1847; x_wconf 79' lang='lat' dir='ltr'>Qui</span> <span class='ocrx_word' id='word_1_77' title='bbox 193 1757 291 1823; x_wconf 77' lang='lat' dir='ltr'>dedis·</span> <span class='ocrx_word' id='word_1_78' title='bbox 300 1778 376 1847; x_wconf 85' lang='lat' dir='ltr'>ergo</span> <span class='ocrx_word' id='word_1_79' title='bbox 398 1755 493 1820; x_wconf 85' lang='lat' dir='ltr'>tribus</span> <span class='ocrx_word' id='word_1_80' title='bbox 513 1753 628 1844; x_wconf 89' lang='lat' dir='ltr'>patruis</span> <span class='ocrx_word' id='word_1_81' title='bbox 649 1753 791 1835; x_wconf 82' lang='lat' dir='ltr'>aconita,</span> <span class='ocrx_word' id='word_1_82' title='bbox 813 1749 941 1818; x_wconf 83' lang='lat' dir='ltr'>vehatur</span> <span class='ocrx_word' id='word_1_83' title='bbox 978 1744 981 1750; x_wconf 33' lang='lat'><em>⁸</em></span> 
     </span>
     <span class='ocr_line' id='line_1_14' title="bbox 90 1869 954 1961; baseline -0.005 -21"><span class='ocrx_word' id='word_1_84' title='bbox 90 1870 279 1940; x_wconf 85' lang='lat' dir='ltr'>Pensilibus</span> <span class='ocrx_word' id='word_1_85' title='bbox 300 1871 429 1961; x_wconf 88' lang='lat' dir='ltr'>plumis,</span> <span class='ocrx_word' id='word_1_86' title='bbox 451 1874 545 1960; x_wconf 80' lang='lat' dir='ltr'>atque</span> <span class='ocrx_word' id='word_1_87' title='bbox 566 1869 652 1935; x_wconf 89' lang='lat' dir='ltr'>illinc</span> <span class='ocrx_word' id='word_1_88' title='bbox 674 1869 822 1959; x_wconf 84' lang='lat' dir='ltr'>despiciet</span> <span class='ocrx_word' id='word_1_89' title='bbox 844 1870 919 1936; x_wconf 83' lang='lat' dir='ltr'>nos?</span> <span class='ocrx_word' id='word_1_90' title='bbox 950 1896 954 1905; x_wconf 90' lang='lat'><em>·</em></span> 
     </span>
     <span class='ocr_line' id='line_1_15' title="bbox 90 1974 944 2078; baseline -0.009 -22"><span class='ocrx_word' id='word_1_91' title='bbox 90 1986 186 2056; x_wconf 87' lang='lat' dir='ltr'>Cum</span> <span class='ocrx_word' id='word_1_92' title='bbox 210 1974 322 2055; x_wconf 82' lang='lat' dir='ltr'>veniet</span> <span class='ocrx_word' id='word_1_93' title='bbox 334 2003 461 2069; x_wconf 83' lang='lat' dir='ltr'>contra,</span> <span class='ocrx_word' id='word_1_94' title='bbox 483 1984 584 2078; x_wconf 87' lang='lat' dir='ltr'>digito</span> <span class='ocrx_word' id='word_1_95' title='bbox 604 2006 764 2076; x_wconf 83' lang='lat' dir='ltr'>compesce</span> <span class='ocrx_word' id='word_1_96' title='bbox 784 1983 944 2051; x_wconf 76' lang='lat' dir='ltr'>labellumt</span> 
     </span>
    </p>

    <p class='ocr_par' dir='ltr' id='par_1_6' title="bbox 3 2094 912 2193">
     <span class='ocr_line' id='line_1_16' title="bbox 3 2094 912 2193; baseline -0.009 -21"><span class='ocrx_word' id='word_1_97' title='bbox 3 2094 5 2151; x_wconf 65' lang='grc' dir='ltr'>ἶ</span> <span class='ocrx_word' id='word_1_98' title='bbox 93 2099 274 2171; x_wconf 81' lang='lat' dir='ltr'>Accusator</span> <span class='ocrx_word' id='word_1_99' title='bbox 291 2105 375 2187; x_wconf 84' lang='lat' dir='ltr'>erit,</span> <span class='ocrx_word' id='word_1_100' title='bbox 398 2103 451 2193; x_wconf 88' lang='lat' dir='ltr'>qui</span> <span class='ocrx_word' id='word_1_101' title='bbox 473 2101 596 2171; x_wconf 87' lang='lat' dir='ltr'>verbum</span> <span class='ocrx_word' id='word_1_102' title='bbox 620 2103 755 2185; x_wconf 86' lang='lat' dir='ltr'>dixerit,</span> <span class='ocrx_word' id='word_1_103' title='bbox 777 2100 827 2167; x_wconf 89' lang='lat' dir='ltr'>hic</span> <span class='ocrx_word' id='word_1_104' title='bbox 849 2117 912 2164; x_wconf 85' lang='lat' dir='ltr'>est.</span> 
     </span>
    </p>

    <p class='ocr_par' dir='ltr' id='par_1_7' title="bbox 3 2213 982 2887">
     <span class='ocr_line' id='line_1_17' title="bbox 3 2213 893 2307; baseline -0.009 -19"><span class='ocrx_word' id='word_1_105' title='bbox 3 2250 4 2261; x_wconf 53' lang='lat'>¹</span> <span class='ocrx_word' id='word_1_106' title='bbox 93 2218 230 2287; x_wconf 81' lang='lat' dir='ltr'>Securus</span> <span class='ocrx_word' id='word_1_107' title='bbox 249 2221 324 2286; x_wconf 88' lang='lat' dir='ltr'>licet</span> <span class='ocrx_word' id='word_1_108' title='bbox 347 2217 508 2299; x_wconf 81' lang='lat' dir='ltr'>AEneam,</span> <span class='ocrx_word' id='word_1_109' title='bbox 531 2216 736 2307; x_wconf 89' lang='lat' dir='ltr'>Rutilumque</span> <span class='ocrx_word' id='word_1_110' title='bbox 757 2213 893 2282; x_wconf 86' lang='lat' dir='ltr'>ferocem</span> 
     </span>
     <span class='ocr_line' id='line_1_18' title="bbox 95 2327 956 2428; baseline -0.009 -26"><span class='ocrx_word' id='word_1_111' title='bbox 95 2332 303 2403; x_wconf 88' lang='lat' dir='ltr'>Committas:</span> <span class='ocrx_word' id='word_1_112' title='bbox 326 2336 404 2403; x_wconf 88' lang='lat' dir='ltr'>nulli</span> <span class='ocrx_word' id='word_1_113' title='bbox 425 2334 527 2428; x_wconf 85' lang='lat' dir='ltr'>gravis</span> <span class='ocrx_word' id='word_1_114' title='bbox 548 2351 596 2401; x_wconf 90' lang='lat' dir='ltr'>est</span> <span class='ocrx_word' id='word_1_115' title='bbox 617 2354 777 2424; x_wconf 81' lang='lat' dir='ltr'>percussus</span> <span class='ocrx_word' id='word_1_116' title='bbox 798 2327 956 2411; x_wconf 87' lang='lat' dir='ltr'>Achilles,</span> 
     </span>
     <span class='ocr_line' id='line_1_19' title="bbox 95 2443 982 2542; baseline -0.006 -27"><span class='ocrx_word' id='word_1_117' title='bbox 95 2443 168 2515; x_wconf 86' lang='lat' dir='ltr'>Aut</span> <span class='ocrx_word' id='word_1_118' title='bbox 191 2451 325 2520; x_wconf 85' lang='lat' dir='ltr'>multum</span> <span class='ocrx_word' id='word_1_119' title='bbox 345 2450 489 2542; x_wconf 70' lang='lat' dir='ltr'>quesitus</span> <span class='ocrx_word' id='word_1_120' title='bbox 511 2450 634 2534; x_wconf 83' lang='lat' dir='ltr'>Hylas,</span> <span class='ocrx_word' id='word_1_121' title='bbox 655 2469 825 2539; x_wconf 83' lang='lat' dir='ltr'>urnamque</span> <span class='ocrx_word' id='word_1_122' title='bbox 847 2461 982 2525; x_wconf 74' lang='lat' dir='ltr'>secutus,</span> 
     </span>
     <span class='ocr_line' id='line_1_20' title="bbox 96 2561 863 2656; baseline -0.005 -25"><span class='ocrx_word' id='word_1_123' title='bbox 96 2561 182 2631; x_wconf 80' lang='lat' dir='ltr'>Ense</span> <span class='ocrx_word' id='word_1_124' title='bbox 204 2565 289 2635; x_wconf 82' lang='lat' dir='ltr'>velut</span> <span class='ocrx_word' id='word_1_125' title='bbox 311 2567 435 2650; x_wconf 69' lang='lat' dir='ltr'>strido,</span> <span class='ocrx_word' id='word_1_126' title='bbox 456 2567 576 2656; x_wconf 89' lang='lat' dir='ltr'>quoties</span> <span class='ocrx_word' id='word_1_127' title='bbox 598 2564 734 2632; x_wconf 86' lang='lat' dir='ltr'>Lucilius</span> <span class='ocrx_word' id='word_1_128' title='bbox 755 2565 863 2632; x_wconf 85' lang='lat' dir='ltr'>ardens</span> 
     </span>
     <span class='ocr_line' id='line_1_21' title="bbox 96 2674 934 2771; baseline -0.001 -27"><span class='ocrx_word' id='word_1_129' title='bbox 96 2674 284 2764; x_wconf 78' lang='lat' dir='ltr'>infremuit,</span> <span class='ocrx_word' id='word_1_130' title='bbox 306 2681 396 2747; x_wconf 91' lang='lat' dir='ltr'>rubet</span> <span class='ocrx_word' id='word_1_131' title='bbox 417 2680 557 2763; x_wconf 86' lang='lat' dir='ltr'>auditor,</span> <span class='ocrx_word' id='word_1_132' title='bbox 578 2679 628 2745; x_wconf 90' lang='lat' dir='ltr'>cui</span> <span class='ocrx_word' id='word_1_133' title='bbox 649 2675 760 2771; x_wconf 86' lang='lat' dir='ltr'>frigida</span> <span class='ocrx_word' id='word_1_134' title='bbox 780 2698 866 2757; x_wconf 83' lang='lat' dir='ltr'>mens</span> <span class='ocrx_word' id='word_1_135' title='bbox 886 2691 934 2743; x_wconf 85' lang='lat' dir='ltr'>est</span> 
     </span>
     <span class='ocr_line' id='line_1_22' title="bbox 98 2792 869 2887; baseline -0.005 -25"><span class='ocrx_word' id='word_1_136' title='bbox 98 2792 303 2879; x_wconf 85' lang='lat' dir='ltr'>Criminibus,</span> <span class='ocrx_word' id='word_1_137' title='bbox 325 2796 419 2865; x_wconf 83' lang='lat' dir='ltr'>tacita</span> <span class='ocrx_word' id='word_1_138' title='bbox 442 2796 551 2865; x_wconf 87' lang='lat' dir='ltr'>sudant</span> <span class='ocrx_word' id='word_1_139' title='bbox 573 2794 741 2887; x_wconf 76' lang='lat' dir='ltr'>praecordia</span> <span class='ocrx_word' id='word_1_140' title='bbox 764 2794 869 2884; x_wconf 89' lang='lat' dir='ltr'>culpa.</span> 
     </span>
    </p>

    <p class='ocr_par' dir='ltr' id='par_1_8' title="bbox 97 2904 1011 3365">
     <span class='ocr_line' id='line_1_23' title="bbox 98 2904 989 3004; baseline 0.007 -33"><span class='ocrx_word' id='word_1_141' title='bbox 98 2904 177 2979; x_wconf 89' lang='lat' dir='ltr'>Inde</span> <span class='ocrx_word' id='word_1_142' title='bbox 198 2913 274 2996; x_wconf 84' lang='lat' dir='ltr'>irae,</span> <span class='ocrx_word' id='word_1_143' title='bbox 296 2911 331 2979; x_wconf 79' lang='lat' dir='ltr'>dt</span> <span class='ocrx_word' id='word_1_144' title='bbox 353 2913 514 2994; x_wconf 84' lang='lat' dir='ltr'>lacrymae.</span> <span class='ocrx_word' id='word_1_145' title='bbox 537 2909 660 2979; x_wconf 89' lang='lat' dir='ltr'>Tecum</span> <span class='ocrx_word' id='word_1_146' title='bbox 682 2914 764 3001; x_wconf 89' lang='lat' dir='ltr'>prius</span> <span class='ocrx_word' id='word_1_147' title='bbox 786 2932 862 3004; x_wconf 84' lang='lat' dir='ltr'>ergo</span> <span class='ocrx_word' id='word_1_148' title='bbox 883 2913 989 2992; x_wconf 61' lang='lat' dir='ltr'>voluto</span> 
     </span>
     <span class='ocr_line' id='line_1_24' title="bbox 97 3021 1011 3122; baseline 0.001 -33"><span class='ocrx_word' id='word_1_149' title='bbox 97 3021 182 3093; x_wconf 82' lang='lat' dir='ltr'>Haec</span> <span class='ocrx_word' id='word_1_150' title='bbox 203 3028 306 3095; x_wconf 86' lang='lat' dir='ltr'>animo</span> <span class='ocrx_word' id='word_1_151' title='bbox 326 3045 401 3096; x_wconf 90' lang='lat' dir='ltr'>aute</span> <span class='ocrx_word' id='word_1_152' title='bbox 423 3028 525 3096; x_wconf 85' lang='lat' dir='ltr'>tubas:</span> <span class='ocrx_word' id='word_1_153' title='bbox 547 3029 702 3122; x_wconf 80' lang='lat' dir='ltr'>galeatum</span> <span class='ocrx_word' id='word_1_154' title='bbox 724 3050 792 3094; x_wconf 89' lang='lat' dir='ltr'>sero</span> <span class='ocrx_word' id='word_1_155' title='bbox 813 3027 910 3095; x_wconf 90' lang='lat' dir='ltr'>duelli</span> <span class='ocrx_word' id='word_1_156' title='bbox 1007 3071 1011 3079; x_wconf 80' lang='lat'><strong>·</strong></span> 
     </span>
     <span class='ocr_line' id='line_1_25' title="bbox 97 3135 916 3236; baseline -0.005 -30"><span class='ocrx_word' id='word_1_157' title='bbox 97 3135 255 3213; x_wconf 81' lang='lat' dir='ltr'>Pteuitet.</span> <span class='ocrx_word' id='word_1_158' title='bbox 277 3142 450 3236; x_wconf 84' lang='lat' dir='ltr'>Experiar,</span> <span class='ocrx_word' id='word_1_159' title='bbox 471 3145 545 3236; x_wconf 89' lang='lat' dir='ltr'>quid</span> <span class='ocrx_word' id='word_1_160' title='bbox 568 3142 754 3212; x_wconf 87' lang='lat' dir='ltr'>concedatur</span> <span class='ocrx_word' id='word_1_161' title='bbox 774 3144 805 3210; x_wconf 90' lang='lat' dir='ltr'>in</span> <span class='ocrx_word' id='word_1_162' title='bbox 829 3143 916 3221; x_wconf 89' lang='lat' dir='ltr'>illos,</span> 
     </span>
     <span class='ocr_line' id='line_1_26' title="bbox 97 3252 930 3365; baseline -0.004 -38"><span class='ocrx_word' id='word_1_163' title='bbox 97 3252 240 3345; x_wconf 70' lang='lat' dir='ltr'>Quorum</span> <span class='ocrx_word' id='word_1_164' title='bbox 260 3260 409 3365; x_wconf 69' lang='lat' dir='ltr'>Flaminia</span> <span class='ocrx_word' id='word_1_165' title='bbox 436 3261 555 3356; x_wconf 75' lang='lat' dir='ltr'>iegitur</span> <span class='ocrx_word' id='word_1_166' title='bbox 578 3261 672 3348; x_wconf 77' lang='lat' dir='ltr'>ciuis,</span> <span class='ocrx_word' id='word_1_167' title='bbox 694 3255 930 3355; x_wconf 70' lang='lat' dir='ltr'>atqueLatiua,</span> 
     </span>
    </p>
   </div>
   <div class='ocr_carea' id='block_1_5' title="bbox 494 3537 613 3599">
    <p class='ocr_par' dir='ltr' id='par_1_9' title="bbox 494 3537 613 3599">
     <span class='ocr_line' id='line_1_27' title="bbox 494 3537 613 3599; baseline 0.034 -4"><span class='ocrx_word' id='word_1_168' title='bbox 494 3537 613 3599; x_wconf 59' lang='lat'>‘0³02</span> 
     </span>
    </p>
   </div>
   <div class='ocr_carea' id='block_1_6' title="bbox 0 0 1328 3934">
    <p class='ocr_par' dir='ltr' id='par_1_10' title="bbox 0 0 1328 3934">
     <span class='ocr_line' id='line_1_28' title="bbox 0 0 1328 3934; baseline 0 0"><span class='ocrx_word' id='word_1_169' title='bbox 0 0 1328 3934; x_wconf 95' lang='lat' dir='ltr'> </span> 
     </span>
    </p>
   </div>
  </div>
 </body>
</html>
