2634 3934
308 198 657 308 'sarran
707 233 761 332 v.¹
958 257 1018 302 ω

100 383 252 478 Ancipiti
273 386 416 479 obsequio
437 386 590 454 dominos:
611 384 749 450 alternus
770 378 905 447 oberres.

101 507 254 593 Noctu,
276 527 344 571 cum
365 502 521 571 obstiteris
541 500 636 566 semel
657 496 843 595 instantique
868 497 989 588 negaris

100 608 224 691 Parere
241 620 394 712 imperio,
414 618 566 707 rupl‘jarn
588 615 727 698 vincula,
749 613 844 680 dicas.
940 706 943 717 s
1006 710 1009 713 Ι

100 735 189 805 Nam
209 733 370 804 &luctata
391 734 474 801 cunis
494 732 606 799 nodum
627 731 755 822 abripit:
776 748 913 798 attamen
935 729 1002 812 illi,

79 836 84 846 ’
102 851 193 920 Cum
216 848 316 941 fugit,
338 874 356 917 a
377 851 460 916 collo
481 847 622 917 trahitur·
635 871 706 939 pars
726 849 817 942 longa
838 848 975 914 catenae.

100 966 219 1048 Dave,
240 964 323 1048 cito,
345 946 403 1032 hbe
424 966 528 1034 credas
549 966 657 1048 luben,
680 963 766 1030 finire
787 964 908 1029 dolores
930 994 934 997 ¹
1006 1054 1009 1061 Ι

100 1080 288 1151 Praeteritos
303 1081 451 1153 meditor:
474 1083 622 1174 (crudum
637 1081 866 1151 Chaerestratus
887 1097 1024 1170 unguem

101 1194 270 1267 Abrodeus
287 1200 331 1266 ait
351 1200 437 1290 haec)
461 1225 500 1266 an
523 1199 608 1265 siccis
629 1198 761 1267 dedecus
783 1190 899 1263 obstem

101 1311 277 1406 Cognatis?
300 1339 338 1379 an
359 1337 427 1379 rem
449 1300 580 1403 patriam
605 1336 729 1381 rumore
750 1315 881 1380 sinistro
931 1343 933 1347 ·
971 1308 973 1311 ’
1000 1312 1003 1318 ’

102 1427 220 1498 Limen
241 1427 279 1494 ad
291 1429 465 1498 obscoenum
479 1426 637 1523 frangam,
658 1432 730 1501 dum
738 1428 895 1510 Chrysidis
916 1427 989 1495 udas

102 1541 306 1615 Ebrius'ante
326 1542 408 1612 fores
428 1547 560 1613 extindla
580 1569 650 1613 cum
671 1546 739 1614 face
761 1547 873 1615 canto?
958 1564 985 1647 s

7 1736 9 1741 ,
105 1656 199 1747 Euge
221 1679 314 1745 puer,
335 1661 449 1746 sapias,
470 1655 536 1724 DIs
556 1659 780 1747 depellentibus
799 1678 909 1749 agnam

107 1769 262 1838 Percute.
285 1770 344 1838 Sed
367 1780 508 1855 censam,
529 1772 681 1863 plorabit,
703 1762 815 1856 Dave,
836 1769 962 1842 relidit?

107 1885 257 1980 Nugarisr
282 1886 381 1970 solea,
403 1909 500 1979 puer,
523 1889 722 1981 obiurgabere
746 1889 851 1956 rubra.

108 2001 159 2075 Ne
185 2003 339 2093 trepidare
360 2005 452 2087 uelis,
474 2022 567 2096 arque
581 2003 682 2076 ardus
703 2005 813 2079 rodere
833 2028 942 2075 cassat.

108 2115 314 2202 horrescas,
330 2119 504 2193 &violensr
518 2123 584 2194 atsi
592 2141 700 2206 vocet,
718 2123 908 2204 haudmora,
923 2121 1021 2205 dicas,

109 2234 497 2328 Quidnamigiturfaciam?
512 2260 552 2306 ne
560 2261 641 2304 nunc
649 2259 735 2318 ‚cum
744 2234 1023 2322 accersat,&ultro

109 2349 285 2442 Supplicet,
306 2342 471 2425 accedam?
493 2353 527 2429 si
548 2369 632 2426 tutus
653 2352 826 2445 &integer
845 2352 932 2421 illinc

54 2487 61 2502 ·
111 2465 256 2548 Exieras,
268 2490 431 2551 necnunc,
446 2470 572 2553 hichie,
593 2493 686 2557 quem
699 2470 880 2558 qnaeritnus,
903 2468 1021 2541 hicest:

112 2580 183 2650 Non
208 2581 239 2647 in
260 2577 393 2666 sestuca,
416 2583 503 2649 lidlor
524 2603 615 2672 quam
637 2583 728 2664 jadlat
748 2585 886 2673 ineptus.

112 2695 162 2783 Jus
184 2696 275 2764 habet
296 2697 350 2763 ille
372 2700 423 2765 sui
439 2699 551 2790 palpo,
573 2720 667 2790 quem
689 2699 774 2767 ducit
796 2698 932 2768 hiantem

113 2811 243 2880 Cretata
264 2813 408 2884 ambitio?
431 2815 560 2908 Vigila,
579 2813 614 2884 dc
634 2816 716 2882 cicer
739 2816 846 2908 ingere
869 2816 956 2909 large

113 2926 241 3000 Ruunt
262 2931 394 3018 pupulo,
418 2951 522 3013 nostra
544 2947 580 2998 ut
602 2931 736 2998 Floralia
757 2930 872 3021 possint

113 3039 222 3134 Aprici
242 3045 413 3116 meminisse
434 3069 542 3115 senes:
565 3049 638 3137 quid
660 3046 832 3138 pulchrius?
855 3042 904 3114 At
924 3071 995 3122 cum

115 3159 249 3229 Herodis
272 3184 386 3232 venere
407 3163 491 3246 dies,
511 3162 658 3256 undaque
681 3161 815 3232 fenestra
900 3206 902 3211 ,

116 3273 280 3364 Dispositae
303 3280 450 3372 pinguem
473 3280 613 3347 nebulam
635 3302 780 3348 vomuere
802 3281 936 3348 lucernae

116 3385 279 3461 Portauter
297 3390 410 3482 uiolas,
431 3396 615 3490 rubrumque
638 3397 781 3489 amplexa
802 3397 936 3469 catinum
