<?xml version="1.0" encoding="UTF-8"?>
<!DOCTYPE html PUBLIC "-//W3C//DTD XHTML 1.0 Transitional//EN"
    "http://www.w3.org/TR/xhtml1/DTD/xhtml1-transitional.dtd">
<html xmlns="http://www.w3.org/1999/xhtml" xml:lang="en" lang="en">
 <head>
  <title>
</title>
<meta http-equiv="Content-Type" content="text/html;charset=utf-8" />
  <meta name='ocr-system' content='tesseract 3.04.00' />
  <meta name='ocr-capabilities' content='ocr_page ocr_carea ocr_par ocr_line ocrx_word'/>
</head>
<body>
  <div class='ocr_page' id='page_1' title='image "./djuniijuvenalis00casagoog_0022.png"; bbox 0 0 2634 3934; ppageno 0'>
   <div class='ocr_carea' id='block_1_1' title="bbox 343 196 1091 295">
    <p class='ocr_par' dir='ltr' id='par_1_1' title="bbox 343 196 1091 295">
     <span class='ocr_line' id='line_1_1' title="bbox 343 196 1091 295; baseline 0 -18"><span class='ocrx_word' id='word_1_1' title='bbox 343 202 392 277; x_wconf 66' lang='lat'>111</span> <span class='ocrx_word' id='word_1_2' title='bbox 518 196 584 274; x_wconf 77' lang='lat' dir='ltr'>ou</span> <span class='ocrx_word' id='word_1_3' title='bbox 607 199 801 275; x_wconf 69' lang='lat' dir='ltr'>sarim</span> <span class='ocrx_word' id='word_1_4' title='bbox 826 197 1091 295; x_wconf 75' lang='lat' dir='ltr'>Juvuurrrs</span> 
     </span>
    </p>
   </div>
   <div class='ocr_carea' id='block_1_2' title="bbox 332 360 1257 2960">
    <p class='ocr_par' dir='ltr' id='par_1_2' title="bbox 332 360 1257 1456">
     <span class='ocr_line' id='line_1_2' title="bbox 342 360 1248 456; baseline 0.008 -25"><span class='ocrx_word' id='word_1_5' title='bbox 342 380 497 453; x_wconf 74' lang='lat' dir='ltr'>praterea</span> <span class='ocrx_word' id='word_1_6' title='bbox 511 382 642 433; x_wconf 87' lang='lat' dir='ltr'>summo</span> <span class='ocrx_word' id='word_1_7' title='bbox 657 363 770 432; x_wconf 86' lang='lat' dir='ltr'>studio</span> <span class='ocrx_word' id='word_1_8' title='bbox 786 366 1006 456; x_wconf 79' lang='lat' dir='ltr'>pervestiget,</span> <span class='ocrx_word' id='word_1_9' title='bbox 1030 381 1104 453; x_wconf 74' lang='lat' dir='ltr'>quat</span> <span class='ocrx_word' id='word_1_10' title='bbox 1116 386 1150 435; x_wconf 85' lang='lat' dir='ltr'>se</span> <span class='ocrx_word' id='word_1_11' title='bbox 1166 360 1248 438; x_wconf 70' lang='lat' dir='ltr'>atiud</span> 
     </span>
     <span class='ocr_line' id='line_1_3' title="bbox 343 487 1250 581; baseline 0.001 -22"><span class='ocrx_word' id='word_1_12' title='bbox 343 492 460 581; x_wconf 83' lang='lat' dir='ltr'>agenti</span> <span class='ocrx_word' id='word_1_13' title='bbox 483 487 645 558; x_wconf 79' lang='lat' dir='ltr'>obtulisse</span> <span class='ocrx_word' id='word_1_14' title='bbox 669 489 866 578; x_wconf 82' lang='lat' dir='ltr'>videantut3</span> <span class='ocrx_word' id='word_1_15' title='bbox 889 511 927 559; x_wconf 80' lang='lat' dir='ltr'>ac</span> <span class='ocrx_word' id='word_1_16' title='bbox 951 490 1127 579; x_wconf 85' lang='lat' dir='ltr'>siquando</span> <span class='ocrx_word' id='word_1_17' title='bbox 1149 493 1250 561; x_wconf 84' lang='lat' dir='ltr'>inali·</span> 
     </span>
     <span class='ocr_line' id='line_1_4' title="bbox 341 612 1252 706; baseline 0 -21"><span class='ocrx_word' id='word_1_18' title='bbox 341 638 443 706; x_wconf 85' lang='lat' dir='ltr'>quem</span> <span class='ocrx_word' id='word_1_19' title='bbox 465 615 582 684; x_wconf 74' lang='lat' dir='ltr'>sarrire</span> <span class='ocrx_word' id='word_1_20' title='bbox 605 617 779 705; x_wconf 85' lang='lat' dir='ltr'>proponit,</span> <span class='ocrx_word' id='word_1_21' title='bbox 804 616 887 686; x_wconf 85' lang='lat' dir='ltr'>adeo</span> <span class='ocrx_word' id='word_1_22' title='bbox 910 616 1119 685; x_wconf 85' lang='lat' dir='ltr'>truculentus</span> <span class='ocrx_word' id='word_1_23' title='bbox 1136 612 1252 705; x_wconf 84' lang='lat' dir='ltr'>fertur,</span> 
     </span>
     <span class='ocr_line' id='line_1_5' title="bbox 342 737 1251 812; baseline -0.003 0"><span class='ocrx_word' id='word_1_24' title='bbox 342 761 383 812; x_wconf 91' lang='lat' dir='ltr'>ut</span> <span class='ocrx_word' id='word_1_25' title='bbox 407 741 508 811; x_wconf 88' lang='lat' dir='ltr'>etiam</span> <span class='ocrx_word' id='word_1_26' title='bbox 531 737 650 810; x_wconf 87' lang='lat' dir='ltr'>obvios</span> <span class='ocrx_word' id='word_1_27' title='bbox 665 743 895 812; x_wconf 84' lang='lat' dir='ltr'>contrucidet.</span> <span class='ocrx_word' id='word_1_28' title='bbox 920 743 1053 811; x_wconf 83' lang='lat' dir='ltr'>Diceres</span> <span class='ocrx_word' id='word_1_29' title='bbox 1067 741 1175 811; x_wconf 87' lang='lat' dir='ltr'>telum</span> <span class='ocrx_word' id='word_1_30' title='bbox 1192 762 1251 810; x_wconf 85' lang='lat' dir='ltr'>tor·</span> 
     </span>
     <span class='ocr_line' id='line_1_6' title="bbox 340 863 1253 954; baseline -0.001 -18"><span class='ocrx_word' id='word_1_31' title='bbox 340 869 438 954; x_wconf 83' lang='lat' dir='ltr'>sisse,</span> <span class='ocrx_word' id='word_1_32' title='bbox 461 888 531 954; x_wconf 87' lang='lat' dir='ltr'>quo</span> <span class='ocrx_word' id='word_1_33' title='bbox 554 888 612 952; x_wconf 88' lang='lat' dir='ltr'>per</span> <span class='ocrx_word' id='word_1_34' title='bbox 637 864 723 936; x_wconf 89' lang='lat' dir='ltr'>latus</span> <span class='ocrx_word' id='word_1_35' title='bbox 746 870 846 936; x_wconf 85' lang='lat' dir='ltr'>unius</span> <span class='ocrx_word' id='word_1_36' title='bbox 869 866 1029 953; x_wconf 85' lang='lat' dir='ltr'>plurimos</span> <span class='ocrx_word' id='word_1_37' title='bbox 1052 863 1161 935; x_wconf 83' lang='lat' dir='ltr'>obiter</span> <span class='ocrx_word' id='word_1_38' title='bbox 1182 890 1253 936; x_wconf 89' lang='lat' dir='ltr'>con·</span> 
     </span>
     <span class='ocr_line' id='line_1_7' title="bbox 338 972 1255 1079; baseline -0.001 -18"><span class='ocrx_word' id='word_1_39' title='bbox 338 990 474 1064; x_wconf 79' lang='lat' dir='ltr'>ficerett</span> <span class='ocrx_word' id='word_1_40' title='bbox 498 972 527 1060; x_wconf 89' lang='lat' dir='ltr'>si</span> <span class='ocrx_word' id='word_1_41' title='bbox 552 1012 631 1060; x_wconf 86' lang='lat' dir='ltr'>veto</span> <span class='ocrx_word' id='word_1_42' title='bbox 654 991 736 1079; x_wconf 90' lang='lat' dir='ltr'>quid</span> <span class='ocrx_word' id='word_1_43' title='bbox 759 990 938 1061; x_wconf 85' lang='lat' dir='ltr'>ridiculum</span> <span class='ocrx_word' id='word_1_44' title='bbox 962 992 1120 1079; x_wconf 81' lang='lat' dir='ltr'>apponit,</span> <span class='ocrx_word' id='word_1_45' title='bbox 1143 1009 1193 1061; x_wconf 91' lang='lat' dir='ltr'>tot</span> <span class='ocrx_word' id='word_1_46' title='bbox 1209 994 1255 1060; x_wconf 86' lang='lat' dir='ltr'>in·</span> 
     </span>
     <span class='ocr_line' id='line_1_8' title="bbox 332 1113 1257 1205; baseline -0.002 -18"><span class='ocrx_word' id='word_1_47' title='bbox 332 1119 433 1190; x_wconf 27' lang='lat' dir='ltr'>*settis</span> <span class='ocrx_word' id='word_1_48' title='bbox 457 1117 603 1187; x_wconf 84' lang='lat' dir='ltr'>ridiculis</span> <span class='ocrx_word' id='word_1_49' title='bbox 626 1118 723 1187; x_wconf 89' lang='lat' dir='ltr'>struit</span> <span class='ocrx_word' id='word_1_50' title='bbox 748 1120 784 1187; x_wconf 68' lang='grc' dir='ltr'>ἃ</span> <span class='ocrx_word' id='word_1_51' title='bbox 808 1113 980 1204; x_wconf 75' lang='lat' dir='ltr'>cumulat,</span> <span class='ocrx_word' id='word_1_52' title='bbox 1004 1134 1066 1204; x_wconf 92' lang='lat' dir='ltr'>ut,</span> <span class='ocrx_word' id='word_1_53' title='bbox 1091 1120 1257 1205; x_wconf 83' lang='lat' dir='ltr'>quoderat</span> 
     </span>
     <span class='ocr_line' id='line_1_9' title="bbox 339 1241 1257 1331; baseline -0.003 -20"><span class='ocrx_word' id='word_1_54' title='bbox 339 1244 566 1331; x_wconf 81' lang='lat' dir='ltr'>praecipuum,</span> <span class='ocrx_word' id='word_1_55' title='bbox 602 1244 660 1312; x_wconf 75' lang='lat' dir='ltr'>vix</span> <span class='ocrx_word' id='word_1_56' title='bbox 685 1258 859 1329; x_wconf 83' lang='lat' dir='ltr'>appareat,</span> <span class='ocrx_word' id='word_1_57' title='bbox 892 1241 952 1311; x_wconf 77' lang='lat' dir='ltr'>seri</span> <span class='ocrx_word' id='word_1_58' title='bbox 974 1243 1084 1328; x_wconf 90' lang='lat' dir='ltr'>potius</span> <span class='ocrx_word' id='word_1_59' title='bbox 1108 1243 1257 1329; x_wconf 79' lang='lat' dir='ltr'>exsistat,</span> 
     </span>
     <span class='ocr_line' id='line_1_10' title="bbox 338 1368 1070 1456; baseline -0.003 -20"><span class='ocrx_word' id='word_1_60' title='bbox 338 1389 416 1456; x_wconf 78' lang='lat' dir='ltr'>quae</span> <span class='ocrx_word' id='word_1_61' title='bbox 440 1369 568 1455; x_wconf 87' lang='lat' dir='ltr'>proprie</span> <span class='ocrx_word' id='word_1_62' title='bbox 592 1368 708 1453; x_wconf 84' lang='lat' dir='ltr'>Satyra</span> <span class='ocrx_word' id='word_1_63' title='bbox 733 1384 957 1456; x_wconf 64' lang='lat' dir='ltr'>nuncupatur,</span> <span class='ocrx_word' id='word_1_64' title='bbox 1066 1438 1070 1447; x_wconf 68' lang='grc'>,</span> 
     </span>
    </p>

    <p class='ocr_par' dir='ltr' id='par_1_3' title="bbox 339 1470 1257 2960">
     <span class='ocr_line' id='line_1_11' title="bbox 386 1470 1257 1583; baseline 0.001 -22"><span class='ocrx_word' id='word_1_65' title='bbox 386 1491 461 1582; x_wconf 84' lang='lat' dir='ltr'>Jam</span> <span class='ocrx_word' id='word_1_66' title='bbox 484 1486 541 1560; x_wconf 91' lang='lat' dir='ltr'>illa</span> <span class='ocrx_word' id='word_1_67' title='bbox 559 1507 656 1561; x_wconf 86' lang='lat' dir='ltr'>acute</span> <span class='ocrx_word' id='word_1_68' title='bbox 672 1508 852 1583; x_wconf 82' lang='lat' dir='ltr'>arguteque</span> <span class='ocrx_word' id='word_1_69' title='bbox 877 1490 964 1562; x_wconf 65' lang='lat' dir='ltr'>ditia</span> <span class='ocrx_word' id='word_1_70' title='bbox 983 1470 1194 1582; x_wconf 88' lang='lat' dir='ltr'>quammulta</span> <span class='ocrx_word' id='word_1_71' title='bbox 1212 1493 1257 1562; x_wconf 88' lang='lat' dir='ltr'>in·</span> 
     </span>
     <span class='ocr_line' id='line_1_12' title="bbox 340 1616 1257 1711; baseline -0.001 -25"><span class='ocrx_word' id='word_1_72' title='bbox 340 1617 448 1711; x_wconf 79' lang='lat' dir='ltr'>gerit!</span> <span class='ocrx_word' id='word_1_73' title='bbox 475 1635 577 1704; x_wconf 89' lang='lat' dir='ltr'>quam</span> <span class='ocrx_word' id='word_1_74' title='bbox 600 1616 727 1686; x_wconf 86' lang='lat' dir='ltr'>multos</span> <span class='ocrx_word' id='word_1_75' title='bbox 743 1619 869 1709; x_wconf 87' lang='lat' dir='ltr'>etiam,</span> <span class='ocrx_word' id='word_1_76' title='bbox 892 1641 999 1708; x_wconf 86' lang='lat' dir='ltr'>quum</span> <span class='ocrx_word' id='word_1_77' title='bbox 1007 1620 1194 1693; x_wconf 79' lang='lat' dir='ltr'>declamare</span> <span class='ocrx_word' id='word_1_78' title='bbox 1212 1621 1257 1687; x_wconf 84' lang='lat' dir='ltr'>vi-</span> 
     </span>
     <span class='ocr_line' id='line_1_13' title="bbox 340 1739 1257 1836; baseline 0.002 -25"><span class='ocrx_word' id='word_1_79' title='bbox 340 1743 461 1831; x_wconf 89' lang='lat' dir='ltr'>detur,</span> <span class='ocrx_word' id='word_1_80' title='bbox 487 1745 613 1828; x_wconf 84' lang='lat' dir='ltr'>impetu</span> <span class='ocrx_word' id='word_1_81' title='bbox 631 1739 815 1811; x_wconf 86' lang='lat' dir='ltr'>Rhetorico</span> <span class='ocrx_word' id='word_1_82' title='bbox 839 1745 922 1831; x_wconf 80' lang='lat' dir='ltr'>rapit</span> <span class='ocrx_word' id='word_1_83' title='bbox 946 1751 982 1819; x_wconf 88' lang='lat'>&amp;</span> <span class='ocrx_word' id='word_1_84' title='bbox 997 1745 1136 1836; x_wconf 85' lang='lat' dir='ltr'>affligit!</span> <span class='ocrx_word' id='word_1_85' title='bbox 1163 1766 1257 1833; x_wconf 87' lang='lat' dir='ltr'>quam</span> 
     </span>
     <span class='ocr_line' id='line_1_14' title="bbox 342 1863 1257 1960; baseline 0.002 -26"><span class='ocrx_word' id='word_1_86' title='bbox 342 1867 486 1955; x_wconf 85' lang='lat' dir='ltr'>denique</span> <span class='ocrx_word' id='word_1_87' title='bbox 509 1865 622 1935; x_wconf 89' lang='lat' dir='ltr'>omnia</span> <span class='ocrx_word' id='word_1_88' title='bbox 646 1863 726 1954; x_wconf 82' lang='lat' dir='ltr'>ilia,</span> <span class='ocrx_word' id='word_1_89' title='bbox 750 1890 824 1954; x_wconf 82' lang='lat' dir='ltr'>quae</span> <span class='ocrx_word' id='word_1_90' title='bbox 849 1869 954 1960; x_wconf 87' lang='lat' dir='ltr'>vulgo</span> <span class='ocrx_word' id='word_1_91' title='bbox 978 1870 1165 1939; x_wconf 84' lang='lat' dir='ltr'>mortalium</span> <span class='ocrx_word' id='word_1_92' title='bbox 1190 1869 1257 1956; x_wconf 88' lang='lat' dir='ltr'>pla·</span> 
     </span>
     <span class='ocr_line' id='line_1_15' title="bbox 340 1988 1257 2081; baseline 0.004 -22"><span class='ocrx_word' id='word_1_93' title='bbox 340 2007 438 2076; x_wconf 86' lang='lat' dir='ltr'>cent,</span> <span class='ocrx_word' id='word_1_94' title='bbox 464 1988 718 2081; x_wconf 74' lang='lat' dir='ltr'>susquedeque</span> <span class='ocrx_word' id='word_1_95' title='bbox 744 1991 860 2065; x_wconf 86' lang='lat' dir='ltr'>habet!</span> <span class='ocrx_word' id='word_1_96' title='bbox 886 1995 1013 2063; x_wconf 85' lang='lat' dir='ltr'>Verum</span> <span class='ocrx_word' id='word_1_97' title='bbox 1035 2014 1257 2077; x_wconf 79' lang='lat' dir='ltr'>saepenumert</span> 
     </span>
     <span class='ocr_line' id='line_1_16' title="bbox 341 2108 1241 2207; baseline 0.002 -24"><span class='ocrx_word' id='word_1_98' title='bbox 341 2108 454 2203; x_wconf 79' lang='lat' dir='ltr'>fallit,</span> <span class='ocrx_word' id='word_1_99' title='bbox 500 2119 536 2189; x_wconf 84' lang='lat'>&amp;</span> <span class='ocrx_word' id='word_1_100' title='bbox 559 2113 621 2184; x_wconf 91' lang='lat' dir='ltr'>sub</span> <span class='ocrx_word' id='word_1_101' title='bbox 650 2117 744 2191; x_wconf 85' lang='lat' dir='ltr'>hasta</span> <span class='ocrx_word' id='word_1_102' title='bbox 779 2140 859 2207; x_wconf 86' lang='lat' dir='ltr'>pura</span> <span class='ocrx_word' id='word_1_103' title='bbox 891 2115 1094 2203; x_wconf 85' lang='lat' dir='ltr'>praepilatam</span> <span class='ocrx_word' id='word_1_104' title='bbox 1128 2114 1241 2186; x_wconf 87' lang='lat' dir='ltr'>vibrat</span> 
     </span>
     <span class='ocr_line' id='line_1_17' title="bbox 343 2241 1257 2333; baseline 0.001 -25"><span class='ocrx_word' id='word_1_105' title='bbox 343 2261 519 2330; x_wconf 83' lang='lat' dir='ltr'>quumque</span> <span class='ocrx_word' id='word_1_106' title='bbox 551 2241 841 2315; x_wconf 85' lang='lat' dir='ltr'>vehementissime</span> <span class='ocrx_word' id='word_1_107' title='bbox 871 2260 987 2333; x_wconf 83' lang='lat' dir='ltr'>urget,</span> <span class='ocrx_word' id='word_1_108' title='bbox 1027 2241 1257 2312; x_wconf 72' lang='lat' dir='ltr'>declamatori&lt;</span> 
     </span>
     <span class='ocr_line' id='line_1_18' title="bbox 339 2365 1257 2457; baseline 0.002 -23"><span class='ocrx_word' id='word_1_109' title='bbox 339 2365 454 2437; x_wconf 87' lang='lat' dir='ltr'>colore</span> <span class='ocrx_word' id='word_1_110' title='bbox 477 2389 589 2457; x_wconf 86' lang='lat' dir='ltr'>sparso</span> <span class='ocrx_word' id='word_1_111' title='bbox 612 2373 661 2438; x_wconf 92' lang='lat' dir='ltr'>sic</span> <span class='ocrx_word' id='word_1_112' title='bbox 684 2368 879 2456; x_wconf 89' lang='lat' dir='ltr'>adumbrat,</span> <span class='ocrx_word' id='word_1_113' title='bbox 904 2388 942 2436; x_wconf 92' lang='lat' dir='ltr'>ut</span> <span class='ocrx_word' id='word_1_114' title='bbox 959 2370 1060 2439; x_wconf 89' lang='lat' dir='ltr'>etiam</span> <span class='ocrx_word' id='word_1_115' title='bbox 1082 2368 1257 2438; x_wconf 85' lang='lat' dir='ltr'>calumnia</span> 
     </span>
     <span class='ocr_line' id='line_1_19' title="bbox 340 2490 1257 2584; baseline 0.004 -26"><span class='ocrx_word' id='word_1_116' title='bbox 340 2508 429 2560; x_wconf 89' lang='lat' dir='ltr'>tores</span> <span class='ocrx_word' id='word_1_117' title='bbox 451 2492 577 2584; x_wconf 83' lang='lat' dir='ltr'>fugiat.</span> <span class='ocrx_word' id='word_1_118' title='bbox 602 2491 720 2583; x_wconf 89' lang='lat' dir='ltr'>Atque</span> <span class='ocrx_word' id='word_1_119' title='bbox 744 2496 852 2579; x_wconf 86' lang='lat' dir='ltr'>operis</span> <span class='ocrx_word' id='word_1_120' title='bbox 875 2490 1012 2578; x_wconf 87' lang='lat' dir='ltr'>quidem</span> <span class='ocrx_word' id='word_1_121' title='bbox 1030 2492 1195 2580; x_wconf 89' lang='lat' dir='ltr'>principio</span> <span class='ocrx_word' id='word_1_122' title='bbox 1220 2494 1257 2562; x_wconf 90' lang='lat' dir='ltr'>in</span> 
     </span>
     <span class='ocr_line' id='line_1_20' title="bbox 340 2617 1257 2709; baseline 0 -24"><span class='ocrx_word' id='word_1_123' title='bbox 340 2617 597 2709; x_wconf 83' lang='lat' dir='ltr'>dignatiuncula</span> <span class='ocrx_word' id='word_1_124' title='bbox 621 2618 665 2689; x_wconf 91' lang='lat' dir='ltr'>ob</span> <span class='ocrx_word' id='word_1_125' title='bbox 683 2621 913 2689; x_wconf 89' lang='lat' dir='ltr'>Recitatorum</span> <span class='ocrx_word' id='word_1_126' title='bbox 930 2619 1100 2691; x_wconf 83' lang='lat' dir='ltr'>nationem</span> <span class='ocrx_word' id='word_1_127' title='bbox 1125 2640 1167 2689; x_wconf 86' lang='lat' dir='ltr'>ea</span> <span class='ocrx_word' id='word_1_128' title='bbox 1184 2635 1257 2687; x_wconf 89' lang='lat' dir='ltr'>tem</span> 
     </span>
     <span class='ocr_line' id='line_1_21' title="bbox 341 2744 1257 2833; baseline -0.002 -23"><span class='ocrx_word' id='word_1_129' title='bbox 341 2759 467 2827; x_wconf 86' lang='lat' dir='ltr'>pestate</span> <span class='ocrx_word' id='word_1_130' title='bbox 492 2747 716 2832; x_wconf 86' lang='lat' dir='ltr'>importunam</span> <span class='ocrx_word' id='word_1_131' title='bbox 740 2744 865 2829; x_wconf 82' lang='lat' dir='ltr'>effitsa,</span> <span class='ocrx_word' id='word_1_132' title='bbox 897 2745 943 2811; x_wconf 87' lang='lat' dir='ltr'>ait</span> <span class='ocrx_word' id='word_1_133' title='bbox 967 2767 1003 2814; x_wconf 86' lang='lat' dir='ltr'>se</span> <span class='ocrx_word' id='word_1_134' title='bbox 1027 2764 1163 2833; x_wconf 88' lang='lat' dir='ltr'>quoque</span> <span class='ocrx_word' id='word_1_135' title='bbox 1189 2744 1257 2810; x_wconf 88' lang='lat' dir='ltr'>teci</span> 
     </span>
     <span class='ocr_line' id='line_1_22' title="bbox 340 2866 1243 2960; baseline -0.003 -22"><span class='ocrx_word' id='word_1_136' title='bbox 340 2881 449 2960; x_wconf 83' lang='lat' dir='ltr'>tasse,</span> <span class='ocrx_word' id='word_1_137' title='bbox 474 2870 575 2941; x_wconf 88' lang='lat' dir='ltr'>simui</span> <span class='ocrx_word' id='word_1_138' title='bbox 600 2866 792 2954; x_wconf 84' lang='lat' dir='ltr'>exemplum</span> <span class='ocrx_word' id='word_1_139' title='bbox 817 2869 1024 2940; x_wconf 86' lang='lat' dir='ltr'>recitationis</span> <span class='ocrx_word' id='word_1_140' title='bbox 1042 2867 1243 2960; x_wconf 76' lang='lat' dir='ltr'>subjungit:</span> 
     </span>
    </p>
   </div>
   <div class='ocr_carea' id='block_1_3' title="bbox 363 3122 1219 3441">
    <p class='ocr_par' dir='ltr' id='par_1_4' title="bbox 363 3122 1219 3441">
     <span class='ocr_line' id='line_1_23' title="bbox 732 3122 1097 3188; baseline 0.014 -5"><span class='ocrx_word' id='word_1_141' title='bbox 732 3179 735 3183; x_wconf 78' lang='grc'><em>,</em></span> <span class='ocrx_word' id='word_1_142' title='bbox 984 3122 1027 3188; x_wconf 78' lang='lat' dir='ltr'>Ea</span> <span class='ocrx_word' id='word_1_143' title='bbox 1051 3141 1097 3187; x_wconf 79' lang='lat' dir='ltr'>nas</span> 
     </span>
     <span class='ocr_line' id='line_1_24' title="bbox 364 3241 1219 3338; baseline 0.004 -27"><span class='ocrx_word' id='word_1_144' title='bbox 364 3242 522 3312; x_wconf 65' lang='lat' dir='ltr'>eonsilium</span> <span class='ocrx_word' id='word_1_145' title='bbox 544 3244 682 3314; x_wconf 79' lang='lat' dir='ltr'>dedimus</span> <span class='ocrx_word' id='word_1_146' title='bbox 706 3247 833 3336; x_wconf 67' lang='lat' dir='ltr'>sullae,</span> <span class='ocrx_word' id='word_1_147' title='bbox 848 3250 993 3338; x_wconf 81' lang='lat' dir='ltr'>privatus</span> <span class='ocrx_word' id='word_1_148' title='bbox 1017 3244 1052 3313; x_wconf 80' lang='lat' dir='ltr'>ar</span> <span class='ocrx_word' id='word_1_149' title='bbox 1077 3241 1180 3316; x_wconf 80' lang='lat' dir='ltr'>altum</span> <span class='ocrx_word' id='word_1_150' title='bbox 1216 3328 1219 3334; x_wconf 35' lang='grc'><strong>,</strong></span> 
     </span>
     <span class='ocr_line' id='line_1_25' title="bbox 363 3372 530 3441; baseline 0.042 -7"><span class='ocrx_word' id='word_1_151' title='bbox 363 3372 530 3441; x_wconf 74' lang='lat' dir='ltr'>Dormiret.</span> 
     </span>
    </p>
   </div>
   <div class='ocr_carea' id='block_1_4' title="bbox 0 0 1322 3934">
    <p class='ocr_par' dir='ltr' id='par_1_5' title="bbox 0 0 1322 3934">
     <span class='ocr_line' id='line_1_26' title="bbox 0 0 1322 3934; baseline 0 0"><span class='ocrx_word' id='word_1_152' title='bbox 0 0 1322 3934; x_wconf 95' lang='lat' dir='ltr'> </span> 
     </span>
    </p>
   </div>
  </div>
 </body>
</html>
