2634 3934
290 217 353 270 216
618 195 876 265 PERSH

289 348 411 431 Secreti
432 347 601 441 loquimur:
623 346 679 414 tibi
701 371 783 417 nuuc
804 346 947 413 hortante
969 346 1109 417 Camena

289 465 484 533 Excutienda
509 465 613 532 damus
635 464 822 553 praecordia;
844 480 1018 554 quantoque
1038 482 1159 531 nostre

291 581 368 650 Pars
394 599 446 649 tua
467 582 506 647 sit
527 579 681 649 Coruutae
703 581 833 661 animae,
855 579 910 645 tibi
931 579 1027 647 dulcis
1047 580 1146 650 amice

292 697 474 767 Ostendisse
494 700 598 779 juvat:
622 696 727 787 pulsa,
749 698 931 790 dignoscere
952 713 1058 763 cautus

293 816 378 905 Quid
400 814 528 879 solidum
549 831 679 905 erepet,
701 812 737 882 dc
760 814 848 904 piuae
871 811 996 881 tedioria
1021 812 1155 904 linguae.

293 928 357 996 His
378 950 437 1022 ego
458 944 603 997 centenas
616 932 721 998 ousim
741 931 909 1020 deposcere
932 951 1038 996 voces:
1063 972 1067 981 ,
1152 966 1155 971 >

293 1042 350 1114 Ut
371 1062 519 1136 quantum
540 1045 613 1110 mihi
635 1062 670 1111 te
691 1047 810 1111 sinuoso
831 1049 863 1111 in
885 1045 1008 1135 pedore
1034 1044 1102 1125 fixi,

295 1163 388 1234 Voce
410 1162 529 1241 traham
551 1183 642 1251 puro:
666 1159 908 1251 totumquehoc
925 1162 1017 1228 verba
1032 1162 1210 1252 resignent,

295 1278 390 1368 Quod
412 1279 491 1346 latet
511 1300 620 1347 arcana
642 1302 704 1348 non
726 1276 897 1356 enarrabile
923 1275 993 1343 fibra
1006 1288 1018 1345 .’

296 1392 381 1463 Cum
402 1395 534 1484 primum
554 1396 665 1486 pavido
688 1412 789 1462 custos
810 1393 883 1458 mihi
911 1416 1046 1484 purpura
1068 1392 1179 1477 cessit,

297 1510 447 1600 Bullaque
469 1509 622 1577 succindis
643 1510 753 1579 laribus
773 1507 885 1574 donata
907 1510 1076 1597 pependit:

298 1626 384 1697 Cum
405 1626 508 1694 blaudi
530 1616 678 1710 comites,
700 1605 838 1714 totaque
850 1625 975 1715 impune
997 1624 1132 1696 Suburra

299 1740 443 1812 Permisit
468 1745 607 1834 sparsisse
628 1743 732 1813 oculos
753 1746 816 1826 jam
836 1741 979 1813 candidus
991 1740 1101 1811 umbo:

299 1860 444 1949 Cumque
465 1860 527 1926 iter
547 1859 722 1952 ambiguum
746 1876 813 1941 cst,
834 1856 870 1927 dt
884 1857 957 1925 vitae
980 1858 1097 1927 nescius
1108 1879 1195 1928 error

298 1973 428 2041 Diducit
450 1976 583 2064 trepidas
604 1997 721 2051 ramosa
744 1975 778 2040 in
799 1975 932 2065 compita
953 1992 1094 2060 mentes,

214 2146 217 2154 .
298 2087 361 2156 Me
382 2087 436 2155 tibi
457 2089 612 2179 supposui:
634 2107 759 2158 teneros
781 2107 816 2174 tu
836 2090 959 2180 suscipis
979 2114 1075 2157 annos

300 2202 482 2289 Socratico,
502 2205 665 2290 Cornuto,
686 2207 769 2276 sinu:
794 2226 869 2276 tuuc
888 2204 998 2289 fallere
1021 2207 1130 2273 sollers

299 2319 455 2413 Apposita
478 2324 610 2388 intortos
631 2325 772 2391 extendit
793 2326 901 2415 regula
922 2345 1047 2391 moresr

298 2434 345 2507 Et
366 2436 516 2527 premitur
537 2438 657 2504 ratione
679 2438 817 2520 animus,
839 2438 979 2528 vincique
1002 2439 1138 2523 laborat,

300 2548 525 2643 Artificemque
546 2571 601 2623 tuo
621 2555 706 2622 ducit
727 2555 782 2620 sub
803 2555 915 2645 pollice
936 2556 1073 2625 multum.

299 2662 430 2761 Tecum,
446 2672 564 2737 etenim
586 2670 695 2763 longos
716 2672 841 2749 memini
860 2693 1040 2739 consumere
1062 2672 1160 2755 soles,

299 2778 344 2850 Et
367 2803 472 2851 tecum
493 2787 607 2878 primas
628 2787 725 2877 epulis
746 2789 914 2879 decerpere
935 2785 1053 2855 nudes.

291 2891 414 2967 ‘Unum
426 2923 522 2990 opus,
546 2899 732 2995 &requiem
746 2905 861 2994 pariter
874 2903 1059 2994 disponimus
1068 2901 1180 2984 ¹umbo,

298 3011 408 3110 Atque
432 3022 602 3089 verecunda
623 3024 756 3115 laxamus
776 3024 852 3088 seria
874 3043 1009 3099 mensa„
1031 3094 1034 3099 Α

300 3128 527 3226 Nonequidem
549 3137 606 3205 hoc
627 3138 765 3219 dubites,
787 3139 942 3205 amborum
963 3134 1084 3206 soedere
1103 3150 1192 3203 certo

299 3242 487 3323 Consentire
509 3255 591 3335 dics,
615 3250 650 3318 tit
672 3255 709 3319 ab
731 3277 792 3320 uno
813 3255 911 3321 sidere
933 3255 1018 3320 duci.

299 3360 412 3432 Nostra
435 3372 486 3435 vel
507 3369 617 3460 equali
638 3372 794 3479 suspendit
815 3390 952 3464 tempora
974 3368 1051 3443 libra
