2634 3934
362 243 771 325 SATYRAvn
983 275 1019 335 pa

86 397 143 478 Et
171 404 277 474 furere
298 404 441 496 incipias,
464 424 500 472 ut
522 406 688 472 avunculus
711 406 766 471 iile
789 398 921 474 Neronis
928 447 940 491 ,-

41 543 50 552 ’
86 525 166 594 Cui
183 540 292 590 totam
316 522 442 614 tremuli
464 519 602 588 frontem
624 520 769 588 Caesonia
789 522 869 611 pulli

91 621 246 710 Infodit.
268 638 351 731 Quae
373 662 435 705 non
455 634 572 718 faciet,
595 638 676 725 quod
700 634 850 729 Principis
875 632 972 706 uxor?

89 755 272 826 Ardebant
294 754 422 834 cunila,
444 751 479 820 dt
500 750 594 819 fratta
614 765 767 847 compage
788 755 917 824 ruebant
923 775 947 841 ,'
968 773 971 780 ’

53 935 54 944 ,
88 874 179 943 Non
202 875 317 952 aliter,
338 890 428 958 quarn
450 869 476 933 si
496 866 617 937 fecisset
637 870 719 958 Juno
741 873 885 941 maritum

87 989 271 1058 Insanum.
293 985 401 1052 Minus
421 1005 498 1081 ergo
519 1007 632 1056 nocens
653 989 724 1055 erit
736 987 922 1080 Agrippinae

88 1107 253 1174 Boletos:
275 1102 419 1193 siquidem
441 1105 529 1172 unim
549 1105 719 1197 praecordia
741 1104 852 1195 pressit

89 1220 170 1289 Ille
191 1220 286 1303 senis,
307 1222 537 1312 tremulumque
557 1239 650 1312 caput
671 1222 859 1290 descendere
882 1220 967 1304 jussis

91 1337 142 1406 In
168 1339 308 1419 coelum,
330 1336 365 1405 &
386 1338 480 1430 longa
502 1338 655 1405 manantia
678 1338 761 1405 labra
782 1339 894 1408 salitas

73 1438 79 1446 ’
94 1453 194 1521 Haec
207 1454 309 1546 poscit
319 1450 455 1537 ferrum,
466 1472 561 1546 atque
575 1456 692 1549 igneis,
706 1454 774 1524 haec
788 1458 875 1548 potio
887 1465 1024 1545 torquet:

96 1569 193 1638 Haec
214 1572 331 1639 lacerat
351 1571 464 1638 mixtos
486 1574 627 1659 equitum
647 1589 719 1639 cum
741 1573 887 1662 sanguine
910 1583 1025 1659 patres
1091 1605 1093 1611 ·

96 1679 208 1751 Tanti
231 1702 336 1772 partus
357 1689 461 1769 equae!
484 1683 593 1769 quanti
614 1700 675 1745 una
697 1684 833 1747 venefica
854 1685 997 1749 constat?

169 1799 317 1865 Oderunt
338 1811 427 1862 natos
447 1794 487 1861 de
509 1793 638 1882 pellice:
661 1816 754 1862 nemo
776 1809 930 1890 repugnet
942 1833 953 1880 ,-
1000 1801 1002 1807 ⁴

102 1916 214 1987 Nemo
237 1929 342 1980 vetet:
365 1915 426 1995 jam
448 1915 509 1995 jana
531 1912 707 2005 priuignum
728 1914 870 1981 occidere
892 1909 937 1980 fas
958 1930 1026 1984 esta

103 2031 183 2103 Vos
203 2054 285 2124 ego,
306 2029 440 2120 pupilli,
462 2048 593 2113 moneo,
616 2030 721 2120 quibus
742 2031 873 2122 amplior
893 2046 941 2100 est
963 2019 1040 2115 res,

104 2147 280 2219 Custodite
301 2148 432 2230 animas,
455 2145 492 2214 ὅ(
513 2148 591 2214 nulii
612 2148 733 2215 credite
754 2165 887 2215 mensas.
1037 2132 1041 2144 ’

105 2253 220 2333 Litida
242 2278 384 2331 materno
404 2259 528 2331 fervent
549 2264 670 2354 adipata
693 2277 830 2331 veneno.

105 2380 262 2450 Mordeat
283 2399 359 2449 ante
380 2382 508 2471 aliquis,
531 2381 674 2472 quidquid
696 2382 875 2473 porrexerit
896 2382 967 2463 iila,

105 2497 193 2589 Quae
214 2499 356 2587 peperit,
378 2499 502 2568 timidus
523 2516 694 2590 praegustet
715 2501 824 2588 pocula
846 2513 953 2590 papas.

106 2612 270 2704 Fingimus
291 2613 376 2694 baec,
398 2615 496 2680 altum
518 2613 627 2692 Satyra
649 2632 790 2679 sumente
811 2614 1008 2697 cothurnum,
1095 2669 1097 2672 ,

107 2728 257 2810 Scilicet,
278 2725 314 2794 dc
335 2725 429 2793 finem
450 2728 564 2820 egressi
586 2703 751 2820 legemque
773 2731 928 2820 priorum,

109 2844 241 2913 Grande
264 2841 440 2932 Sophocleo
462 2866 585 2912 carmen
608 2843 788 2912 bacchamur
811 2846 915 2931 hiatu,

110 2946 277 3029 Montibus
297 2960 442 3051 ignotum
464 2960 612 3043 Rutulis,
634 2963 779 3052 caeloque
801 2962 935 3032 Latino.

111 3072 177 3148 Nos
199 3079 318 3147 utinam
342 3076 429 3144 vani!
452 3079 506 3145 sed
527 3065 641 3148 clamat
663 3078 790 3147 Pontia:
813 3078 916 3162 feci,

54 3215 57 3220 ⁴
111 3191 295 3279 Confiteor,
319 3193 485 3284 puerisque
507 3197 583 3264 meis
605 3197 725 3263 aconita
744 3198 874 3288 paravi,

112 3307 197 3400 Qtae
219 3312 372 3401 deprensa
393 3330 525 3402 patent,
546 3310 663 3381 facinus
685 3332 790 3381 tomen
813 3313 877 3401 ipsa
899 3312 1023 3408 peregi.

113 3420 209 3497 Tune
231 3424 304 3495 duos
326 3449 406 3513 una,
428 3430 590 3504 saevteina
613 3432 739 3522 vipera,
761 3431 874 3498 coena?
