2634 3934
304 281 342 346 36
540 249 970 348 lUVENALlS

299 412 486 495 Myrrhina,
508 410 620 477 deinde
643 409 765 477 adamas
786 410 978 492 notissimus,
1000 405 1035 477 dt
1055 407 1243 478 Berontces

300 530 337 597 In
360 531 460 624 digito
480 525 574 596 faetus
595 528 780 618 preciosior:
801 527 882 595 hunc
903 507 990 594 dedit
1011 526 1087 593 olim

300 635 450 715 Barbarus
470 646 616 729 incestae,
637 646 725 713 dedit
746 644 827 712 bunc
849 640 991 737 Agrippa
1014 643 1143 725 sorori,

300 763 477 861 Observant
498 761 548 828 ubi
570 759 650 829 festa
671 781 759 830 mero
780 761 862 851 pede
882 761 1002 868 sabbata
1025 758 1168 852 Reges,

277 871 281 878 Χ
299 878 343 946 Et
366 892 454 945 vetus
474 877 619 968 indulget
641 878 762 942 senibus
783 878 952 946 clementia
974 877 1087 970 porcis.

297 977 299 984 l
357 993 494 1063 Nullane
515 994 555 1062 de
577 993 673 1059 tantis
694 989 839 1085 gregibus
860 993 916 1059 tibi
937 994 1033 1087 digna
1054 992 1214 1061 videtur?

229 1169 231 1176 ,
300 1113 349 1182 Sit
370 1108 521 1196 formosa,
541 1112 673 1193 decens,
694 1109 797 1190 dives,
818 1104 983 1192 foecunda,
1006 1126 1157 1178 vetustos

299 1226 472 1297 Porticibus
491 1231 633 1320 disponat
652 1249 742 1312 avos,
764 1225 902 1295 intaiiior
923 1226 1009 1295 omni

298 1342 443 1411 Crinibus
464 1346 565 1410 effusis
587 1345 701 1413 bellum
723 1345 890 1412 dirimente
910 1345 1037 1413 Sabinas

259 1467 263 1475 '
299 1456 385 1527 Rara
405 1458 468 1525 avis
489 1459 522 1523 in
545 1458 655 1539 terris,
677 1459 830 1549 nigroque
851 1461 1005 1527 simillima
1026 1481 1151 1550 cygno.

298 1575 378 1668 Qus
399 1572 483 1642 feret
505 1594 651 1659 uxorem,
673 1573 724 1641 cui
745 1587 889 1642 constant
911 1572 1040 1642 omnia?¹
1054 1575 1166 1656 malo,

300 1691 394 1762 Malo
416 1693 629 1776 Venusinam,
650 1713 743 1784 quam
764 1709 817 1775 te,
838 1690 988 1767 Cornelia
1009 1706 1110 1758 mater

299 1808 532 1898 Gracchorum;
552 1812 578 1875 si
600 1833 671 1876 cum
692 1809 812 1902 magnis
833 1810 998 1878 virtutibus
1018 1803 1119 1877 adfers

299 1918 429 1990 Grande
451 1923 668 2010 supercilium,
690 1922 725 1987 dt
748 1945 890 1991 numeras
902 1928 934 1992 in
948 1929 1022 1993 dote
1037 1921 1234 2013 triumphos.

298 2033 503 2117 Tolletuunr,
509 2055 634 2124 precor,
642 2034 1232 2128 Hannibalem‚viuumquesyphacen

238 2233 239 2236 Ἴ
298 2145 338 2220 ln
359 2154 486 2235 castris,
506 2146 543 2219 dc
562 2167 635 2217 cum
657 2166 725 2217 tota
746 2149 940 2245 Cartbagine
961 2154 1060 2248 migra
1067 2199 1080 2234 ·.

357 2268 476 2350 Parce,
499 2289 631 2359 precor,
651 2267 766 2352 Paean,
789 2266 824 2336 dt
846 2288 881 2337 tu
903 2271 962 2338 dea
983 2293 1065 2363 pone
1080 2273 1228 2366 sagittas.
1308 2317 1310 2386 l

298 2385 353 2456 Nil
375 2386 465 2475 pueri
485 2380 620 2465 faciunt,
641 2386 738 2473 ipsam
759 2385 907 2479 configite
927 2390 1076 2455 matrem!

283 2496 457 2588 *Amphion
480 2498 608 2567 clamat:
631 2500 685 2568 sed
706 2500 801 2570 Paean
821 2504 981 2573 contrahit
1000 2527 1122 2574 arcum.
1156 2541 1160 2550 ·
1308 2509 1310 2570 l

298 2613 423 2684 Extulit
445 2638 523 2711 ergo
544 2637 658 2713 greges
681 2635 843 2708 natorum,
866 2624 1027 2715 ipsumque
1049 2640 1224 2714 parentem,

298 2732 386 2801 Dum
407 2734 461 2799 sibi
483 2734 613 2801 nobilior
634 2735 769 2805 Latonae
789 2757 886 2832 gente
907 2742 1048 2825 videtur,

297 2843 409 2940 Atque
430 2850 539 2917 eadem
559 2847 656 2920 scrofa
677 2850 778 2925 Niobe
800 2851 973 2926 foecundior
993 2858 1075 2928 alba.

297 2965 382 3059 Quae
404 2964 485 3033 tanti
506 2970 659 3061 gravitas,
681 2992 752 3063 quae
772 2969 890 3060 forma,
911 2994 948 3042 ut
968 2997 1001 3042 se
1022 2975 1078 3041 tibi
1099 2963 1222 3094 sempeq

297 3079 459 3175 Imputet?
481 3084 568 3168 hujus
589 3089 673 3155 enim
695 3091 775 3172 rari,
796 3092 966 3182 summique
985 3091 1127 3177 voluptas

297 3199 391 3269 Nulla
412 3201 500 3287 boni,
522 3205 643 3295 quoties
663 3205 766 3272 animo
785 3224 932 3296 corrupta
953 3203 1084 3294 superbo

293 3313 370 3386 Plus
389 3319 490 3403 aloes,
512 3341 604 3409 quam
622 3320 727 3387 mellis
748 3320 856 3393 babet.
878 3321 958 3414 Quis
978 3319 1101 3389 deditus
1114 3339 1217 3392 autem

295 3426 408 3529 Usque
428 3436 506 3506 adeo
520 3453 588 3518 est,
610 3452 646 3503 ut
662 3436 842 3523 nonillam,
861 3458 955 3536 quam
964 3433 1102 3510 laudibus
1116 3438 1214 3522 effert,
