2634 3934
290 279 332 333 ro
531 247 982 347 Juuuunurs

287 410 333 478 Et
356 405 443 492 ride,
469 410 575 503 positis
597 406 754 497 scaphium
777 427 847 474 cum
869 408 1001 475 sumitur
1022 402 1146 474 nimis}

282 522 397 595 'Dicite
423 545 475 593 vos
498 542 609 615 neptes
632 523 747 616 Lepidi
754 526 910 610 ‚soecive
934 523 1086 607 Metelli,
1202 533 1206 540 '

288 644 433 737 Gurgitis
458 659 513 709 aut
536 641 643 732 Fabii,
667 663 738 734 quae
761 641 845 710 ludis
866 641 1009 709 sumserit
1035 629 1195 731 unquam

288 759 362 828 Hos
385 760 523 828 habitus?
547 761 671 848 quando
695 761 733 827 ad
758 759 864 850 palum
881 776 987 852 gemat
999 781 1075 825 uxor
1087 753 1235 840 Asylli'?
1255 761 1262 776 '

345 879 476 963 Semper
500 877 593 941 habet
616 876 719 957 liteis,
743 877 926 965 alternaque
952 876 1051 969 jurgia
1076 872 1208 955 lesbus,

275 992 326 1060 .ln
351 1013 413 1085 quo
436 1008 532 1083 nupta
555 995 638 1073 jacet
645 1016 656 1078 3
682 991 844 1058 minimum
867 991 1022 1060 dormitur
1045 994 1081 1064 in
1102 991 1190 1057 illo.

287 1107 373 1177 Cum
396 1113 501 1200 gravis
522 1109 577 1174 illa
600 1109 686 1191 viro,
713 1125 788 1176 tunc
811 1106 885 1173 orba
912 1110 1029 1199 tigride
1051 1113 1170 1200 pejor.

288 1225 372 1294 Cum
399 1227 526 1295 simulat
551 1226 686 1319 gemitus
706 1225 822 1293 occulti
847 1222 1083 1309 conscissam,

287 1340 356 1407 Aut
381 1344 448 1406 odit
473 1364 604 1429 pueros,
629 1360 687 1430 aut
711 1343 777 1409 flua
802 1342 915 1431 pellice
941 1344 1044 1433 plorat-
1091 1344 1095 1349 ’

287 1449 443 1527 Uberibus
465 1477 586 1545 semper
612 1457 773 1538 lacrymis,
795 1479 981 1545 semperque
1003 1457 1120 1545 paratis
1148 1457 1151 1458 ⁷

183 1640 185 1651 ,
287 1569 327 1643 In
350 1575 486 1643 statione
511 1594 582 1655 sua,
606 1588 700 1662 atque
723 1568 963 1661 euspebiantibus
987 1570 1093 1652 illam,

286 1693 364 1784 Quo
387 1694 491 1776 jubeat
515 1711 641 1758 manare
666 1688 777 1756 modos
798 1704 834 1753 tu
858 1687 960 1792 credis
981 1710 1140 1771 amorem,

287 1805 344 1876 Tu
366 1809 423 1875 tibi
449 1826 525 1875 tunc
547 1829 676 1875 curruca
702 1807 824 1895 places,
847 1804 1018 1897 fletumque
1042 1806 1161 1873 labellis

286 1922 459 2003 Exsorbes3
480 1942 551 2006 quae
572 1924 707 2006 scripta,
732 1920 768 1988 δε
794 1941 869 2007 quas
893 1922 1009 1989 letlure
1034 1921 1185 2004 tabellas,

284 2036 323 2103 Si
348 2035 404 2098 tibi
417 2012 585 2120 'zelotypae
610 2049 795 2124 retegantur
819 2035 928 2098 scrinia
951 2036 1100 2103 moeehae!

235 2131 239 2140 ’
286 2151 350 2219 Sed
373 2154 457 2234 jacet
478 2150 509 2214 in
532 2149 612 2214 servi
637 2146 870 2240 complexibus‚'
887 2166 942 2214 aut
965 2149 1080 2241 equitis
1087 2177 1098 2239 3
1124 2151 1199 2235 dic,
1236 2170 1239 2178 ’

287 2265 354 2336 Dic
377 2266 531 2356 aliquem,
555 2266 661 2348 sodes,
684 2265 754 2332 heic
776 2263 971 2355 Quintiliane
994 2269 1151 2334 colorem.

289 2384 479 2468 Haemmus3
502 2383 551 2447 dic
578 2382 758 2469 ipsarolim
781 2399 988 2466 convenerat,
1010 2384 1132 2474 inquit,

287 2493 341 2566 Ut
364 2496 480 2564 faceres
505 2513 563 2579 tu,
585 2496 668 2587 quod
692 2498 803 2566 uelles:
836 2519 983 2565 necnon
1009 2522 1072 2593 ego
1095 2517 1217 2595 possem

287 2613 459 2709 Indulgere
483 2613 573 2681 milri:
600 2616 715 2684 clames
737 2617 832 2700 licet,
856 2613 892 2683 bt
916 2639 1003 2686 mare
1025 2619 1111 2692 coeln

287 2730 606 2811 Confundas‚‘homo
629 2755 712 2799 sum.
736 2733 826 2802 Nihil
851 2747 900 2800 est
923 2736 1066 2803 audacius
1087 2733 1150 2800 illis

285 2845 472 2938 Deprensis:
495 2846 594 2928 iram,
616 2864 712 2938 atque
736 2851 854 2916 animos
877 2871 895 2914 a
917 2852 1047 2919 crimine
1072 2865 1212 2919 sumunt.
1311 2839 1312 2852 ¹

285 2962 386 3032 Unde
399 2961 466 3030 baec
479 2981 615 3032 monstra
628 2983 736 3036 tumen
743 3015 756 3051 ,
781 2968 832 3036 vel
844 2988 909 3057 quo
918 2970 959 3035 ds
969 2966 1057 3033 fonte
1063 2968 1210 3057 requiris?

285 3076 478 3149 Pmssrmnr
503 3099 599 3151 castas
621 3083 745 3152 humilis
767 3083 891 3149 fortune
913 3083 1042 3149 Latinas
1079 3111 1087 3120 τ
1311 3109 1312 3164 q

284 3197 473 3290 Quondam,
497 3222 555 3267 nec
578 3201 661 3267 vitiis
684 3200 825 3290 contingi
850 3219 942 3286 parva
967 3195 1107 3262 sinebant
1311 3189 1312 3192 '

285 3310 385 3382 Tetla
407 3316 511 3397 labor,
535 3316 695 3404 somnique
721 3315 845 3397 breves,
870 3311 906 3378 lic
931 3311 1048 3379 vellere
1072 3308 1180 3384 Tuscu
1311 3307 1312 3354 l

285 3428 420 3503 Vexata
444 3431 592 3520 dureque
616 3451 741 3514 manus,
763 3453 799 3500 ae
820 3427 977 3522 proximus
1000 3425 1088 3499 Urbi
