2634 3934
314 275 374 333 rw
559 235 984 327 IUVENALIS

308 399 375 466 Nec
398 392 561 459 metuenda
583 390 825 476 tibi,siccatu1n
847 390 965 484 frigore
987 407 1166 483 postquam

309 511 524 592 Autumnum,
546 508 581 575 dt
602 507 690 576 crudi
714 530 844 597 posuere
864 510 1003 599 pericula
1024 508 1159 574 succi..

308 630 394 695 Haec
417 629 490 694 olim
513 625 610 692 nostri
632 626 866 708 jamluxurios'a
888 643 1008 693 senatus

309 745 412 814 Coena
433 741 508 808 fuit.
530 741 665 824 Curius,
687 764 783 832 parvo
803 766 873 834 quae
896 744 1016 836 legerat
1038 740 1168 826 horto,

309 860 379 949 Ipse
401 856 476 923 focis
497 858 636 923 brevibus
657 858 794 947 ponebat
816 858 967 931 oluscula:
990 880 1059 948 quae
1081 881 1178 924 nunc

309 973 469 1064 Squalidus
489 973 521 1040 in
542 995 651 1064 magna
674 970 790 1040 fastidit
812 977 962 1065 compede
983 973 1105 1057 fossor,
1145 1027 1150 1038 ,

309 1091 376 1183 Qui
398 1090 557 1172 meminit,
578 1089 686 1156 calidae
708 1089 804 1179 sapiat
823 1093 897 1180 quid
920 1092 1009 1160 vulva
1032 1092 1190 1182 popinae.

309 1208 391 1275 Sicci
412 1227 501 1299 terga
523 1208 599 1288 suis,
621 1230 690 1273 rara
712 1207 876 1296 pendentia
897 1225 1002 1290 crate,

309 1322 414 1394 Moris
435 1340 504 1386 erat
526 1324 679 1410 quondam
702 1320 787 1391 festis
808 1346 929 1392 servare
952 1325 1074 1406 diebus,

309 1436 353 1502 Et
377 1436 550 1503 natalitium
571 1439 710 1527 cognatis
731 1462 849 1525 ponere
871 1442 1011 1521 lardum,

310 1545 493 1620 Accedente
514 1576 612 1635 nova,
633 1552 658 1620 si
679 1574 769 1644 quatu
790 1551 900 1636 dabat,
922 1554 1038 1635 hostia,
1058 1577 1184 1623 carne.

310 1671 528 1764 Cognatumm
550 1669 657 1760 aliquis
680 1669 773 1736 titulo
795 1686 846 1736 ter
869 1669 1031 1752 Consulis,
1053 1687 1158 1762 atque

309 1786 495 1855 Castrorum
516 1789 671 1876 imperiis,
692 1785 729 1853 ¹&
751 1785 918 1854 Didatoris
939 1786 1055 1854 honore

309 1899 463 1980 Funtlus,
484 1905 522 1966 ad
544 1904 596 1966 has
617 1902 723 1988 epulas
738 1903 835 1967 solito
857 1904 1005 1970 maturius
1026 1905 1109 1987 ibat,

309 2012 453 2079 Ereilum
473 2014 593 2078 domito
613 2000 792 2080 referenda
814 1993 921 2087 monte
942 2020 1098 2108 ligonem.
1303 2071 1304 2090 r

309 2127 393 2195 Cum
408 2144 579 2196 tremerent
600 2144 704 2195 autem
718 2129 825 2198 Fabios
833 2180 844 2214 ,
864 2131 1039 2223 durumque
1052 2133 1227 2217 Catonem,

308 2245 353 2313 Et
377 2245 523 2329 Scauros,
545 2244 579 2313 δε
602 2245 778 2330 Fabricios,
800 2265 957 2337 postremo
979 2241 1108 2319 severos

241 2425 245 2432 .
309 2363 995 2454 &mmmmamnffifflmmn

309 2478 411 2560 Nemo
432 2480 515 2544 inter
536 2499 641 2559 curas,
663 2476 698 2546 dt
719 2479 797 2550 seria
818 2480 905 2546 duxit
928 2481 1122 2569 habendum,
1225 2509 1230 2517 ·

308 2596 418 2688 Qualis
439 2595 478 2661 in*
495 2595 615 2672 Oceani
638 2594 730 2663 fludio
751 2596 877 2687 testudo
898 2616 1038 2683 nataret,

308 2711 438 2778 Clarum
456 2709 643 2804 Troiugenis
665 2709 798 2795 factura,
819 2716 977 2805 acuobile
997 2713 1132 2787 fulcrum
1141 2744 1158 2788 :r

307 2825 369 2891 Sed
391 2827 473 2889 nudo
495 2828 613 2909 latere,
633 2825 668 2894 dt
690 2831 791 2917 parvis
811 2828 895 2898 frons'
916 2854 997 2900 aerea
1018 2834 1103 2902 ledlis
1178 2899 1194 2914 ,‚

308 2939 386 3010 Vile
408 2945 548 3008 coronati
569 2962 663 3033 caput
685 2946 863 3016 ostendebat
884 2949 987 3033 uselli,

307 3053 362 3122 Ad
384 3058 466 3146 quod
488 3057 592 3124 lascivi
613 3061 759 3130 ludebant
782 3064 860 3130 turis
881 3063 1013 3134 alumni.
1085 3138 1091 3146 ,
1138 3135 1143 3144 ,

306 3169 402 3239 Tales
423 3196 499 3265 ergo
520 3175 597 3256 cibi,
619 3178 717 3262 qualis
735 3178 866 3263 donnus,
886 3200 979 3272 atque
1001 3184 1154 3274 supellex.

305 3283 398 3356 Tunc
420 3291 521 3372 rudis,
544 3290 705 3373 &Graias
726 3298 831 3364 mirari
853 3279 968 3364 nescius
990 3283 1105 3388 atreis,

304 3398 440 3472 Urbibus
459 3408 571 3476 eversis
592 3410 767 3500 ptaedarntn
789 3414 820 3480 in
843 3429 932 3501 purte
955 3433 1077 3506 reperta

1277 3259 1286 3292 l
