2634 3934
627 119 634 150 l

350 268 641 352 sATYRA
686 282 786 349 xl..
950 307 1011 362 ηε

78 435 289 526 Magnorum
308 432 640 525 artificumfrangebat
662 432 774 524 pocula
795 428 919 510 miles,
1001 453 1004 460 ·

79 545 150 619 Ut
170 550 300 640 phaleris
321 550 470 644 gauderet
493 571 607 636 equus,
628 550 797 637 caelataque
818 547 906 612 cassis

8 672 19 680 “
79 666 260 735 Romuleae
282 668 440 732 simulacra
462 660 538 729 ferte
560 686 768 731 mansuescere
789 668 877 746 jussae
947 686 950 692 ’

81 782 223 873 Imperii
245 779 327 862 fato,
351 782 489 871 geminos
511 781 562 849 sub
584 805 661 871 rupe
680 771 862 873 Qlirinos,

81 899 147 965 Ac
171 900 283 966 nudam
304 894 436 986 effigiem
457 897 566 987 clypeo
588 899 758 979 venientis,
780 895 814 963 dt
836 896 939 979 hasta,
1013 909 1017 916 ⁴

81 1012 326 1101 Pendentisque
348 1010 411 1078 Dei
430 1016 568 1104 perituro
589 1016 769 1083 ostenderet
790 1013 885 1077 hosti.

82 1125 238 1219 Argenti
260 1128 340 1218 quod
362 1149 449 1213 erat,
471 1133 541 1198 solis
562 1129 701 1224 fulgebat
724 1134 757 1196 in
779 1127 888 1194 armis.

83 1244 258 1311 Ponebant
279 1246 374 1337 igitur
396 1244 502 1312 Tusco
523 1244 637 1327 farrata
659 1248 763 1313 catino

85 1361 214 1427 Omnia
236 1379 327 1428 tunc:
349 1362 454 1450 quibus
474 1363 626 1446 invideas,
649 1365 673 1429 si
696 1359 838 1429 lividulus
858 1358 911 1424 sis.

87 1473 303 1567 Templorum
324 1493 445 1568 quoque
466 1481 606 1561 majestas
628 1480 829 1574 praesentior,
851 1474 885 1543 ἃ
908 1495 967 1540 vox

89 1593 194 1661 Nodle
216 1590 282 1660 lere
304 1596 423 1676 media,
444 1597 635 1680 mediamque
657 1596 758 1661 audita
782 1616 837 1679 per
851 1584 978 1659 Urbem

88 1707 209 1774 Litore
231 1709 267 1768 ab
289 1707 410 1770 Oceani
425 1704 525 1770 Gallis
549 1706 755 1805 penientibus,
776 1701 811 1767 dr
825 1701 890 1766 Dls

90 1820 244 1889 Officium
267 1821 344 1886 vatis
365 1819 599 1911 peragentibus,
622 1820 668 1887 his
688 1819 808 1884 monuit
828 1835 899 1883 nos.
934 1831 938 1836 '

92 1938 194 2005 Hanc
216 1936 304 2030 rebus
324 1933 424 2001 Latiis
445 1958 548 2004 curam
570 1946 718 2029 praestare
738 1934 854 2002 solebat
922 1942 926 1951 ’
966 1921 973 1928 ’

94 2052 231 2133 Fictilis,
247 2049 286 2120 ,ἀ
308 2052 395 2119 nullo
415 2053 543 2121 violatus
563 2055 685 2149 Jupiter
705 2076 795 2122 auro.

95 2170 158 2238 Illa
179 2170 262 2234 domi
283 2185 385 2251 natas,
408 2189 571 2261 nostraque
593 2198 631 2240 ex
652 2174 760 2240 arbore
781 2186 897 2236 mensas

95 2282 258 2375 Tempora
279 2286 451 2353 viderunt:v
464 2286 522 2353 hoc
545 2289 663 2379 lignum
684 2288 782 2354 stabat
803 2284 849 2380 ad
861 2298 948 2358 ususs

98 2398 258 2469 Annosam
279 2402 304 2467 si
325 2399 409 2470 forte
430 2427 539 2472 nucem
561 2406 718 2489 deiecerat
739 2401 855 2471 Eums.

24 2515 28 2520 ⁴
98 2519 149 2585 At
171 2539 253 2581 nunc
274 2517 414 2585 divitibus
436 2523 579 2590 coenandi
601 2524 686 2589 nulla
708 2522 866 2607 voluptas,

100 2631 155 2706 Nil
178 2631 338 2712 rhombus,
360 2633 404 2696 nil
426 2635 513 2698 dama
534 2636 629 2722 sapit:
653 2651 764 2724 putere
785 2632 929 2697 ridentur

100 2744 295 2840 Unguenta,
316 2765 409 2837 atque
431 2770 526 2837 rosae3
547 2752 625 2817 latos
646 2751 703 2816 nisi
725 2748 859 2815 sustinet
882 2739 979 2808 orbeis
1087 2769 1091 2778 ·

100 2863 230 2929 Grande
253 2864 344 2946 ebur,
367 2861 402 2930 dt
422 2888 534 2958 magno
555 2869 689 2935 sublimis
710 2865 822 2957 pardus
840 2862 943 2940 hiatu,

103 2959 255 3045 Dentibus
276 2980 415 3078 exoillls,
437 3005 512 3073 quos
534 2983 632 3051 mittit
654 3001 743 3076 porta
765 2982 898 3063 Syenes,
938 2991 941 3000 ’

104 3092 147 3160 Et
168 3094 275 3162 Mauri
295 3099 429 3180 celeres,
451 3098 486 3167 ὅ(
507 3101 623 3172 Mauro
644 3102 796 3169 obscurior
817 3096 929 3173 Indus,

104 3208 148 3275 Et
169 3232 243 3298 quos
264 3214 404 3306 deposuit
418 3216 584 3285 Nabatbaeo
606 3220 704 3287 bellua
726 3219 822 3300 saltu,

105 3323 169 3410 Jam
185 3327 308 3412 nimios,
329 3334 483 3424 capitique
497 3338 631 3428 graveis.
654 3337 743 3404 Hinc
758 3335 856 3426 surgit
868 3328 988 3413 oretis,

48 3536 52 3542 1
105 3440 193 3508 Hinc
214 3448 367 3516 stomacho
390 3453 486 3521 sires:
510 3475 579 3522 nam
600 3476 654 3545 pes
675 3469 839 3543 argenteus
856 3448 936 3538 xillis,

673 3567 728 3632 12
