2634 3934
353 286 658 376 rantur
701 299 799 374 xiv.
894 246 897 255 ’
974 326 1036 397 ‘1⁶⁷

101 458 256 531 Crimine
276 456 397 526 divitias
418 430 600 547 adquirere,
622 476 749 545 quarum
774 464 862 521 amor
882 455 982 544 inte,

102 577 257 670 Quantus
268 591 336 642 erat
350 574 461 665 patriae
474 569 645 642 Deciorum
660 572 692 636 in
707 570 830 662 petiore
838 622 849 655 ,
863 592 1013 663 quantum

105 693 237 761 Dilexit
260 688 403 770 Thebas,
426 687 450 752 si
475 684 601 754 Graecia
626 706 720 772 vera,
743 686 946 759 Menoeccusz

104 807 149 877 In
171 831 301 900 quorum
321 804 411 876 sulcis
433 803 571 898 legiones
591 805 736 885 dentibus,
751 806 857 899 anguis

103 924 195 995 Cum
209 923 325 1014 clypeis
338 938 520 1004 nascuntur,
541 918 576 988 ὃ(
591 920 712 997 horrida
724 924 804 1003 beil'a
818 944 981 1014 capessunt

103 1040 288 1122 Continuo,
310 1054 454 1128 tanquam
478 1036 514 1104 ἅ
534 1039 657 1107 tubicen
679 1039 848 1107 surrexerit
870 1062 949 1115 una.

104 1156 199 1250 Ergo
220 1157 342 1250 ignem,
364 1159 448 1244 cujus
469 1145 616 1223 scintillas
638 1157 704 1245 ipse
723 1156 855 1237 dedisti,
925 1212 927 1220 ,

104 1273 308 1367 Flagrantem
328 1274 411 1354 late,
433 1270 665 1359 &rapientem
688 1271 794 1337 euntia
820 1271 947 1339 ridebis.

104 1387 176 1459 Nec
198 1390 253 1457 tibi
274 1403 421 1479 parcetur
441 1386 570 1473 misero,
594 1382 810 1480 trepidumque
823 1392 1001 1481 magistrum

104 1500 146 1579 In
168 1529 261 1575 cavea
284 1528 398 1597 magno
419 1500 544 1572 fremitu
565 1503 616 1581 leo
637 1505 732 1581 tollet
753 1507 910 1579 alumnus.

122 1610 126 1617 ⁸
164 1621 250 1690 Nota
264 1622 488 1697 mathematicis
501 1620 621 1707 genesis
635 1636 710 1693 rua:
733 1623 785 1687 scd
808 1643 903 1710 grave
925 1622 1027 1691 tardas

105 1732 293 1825 Exspebiare
313 1732 421 1807 „colum
436 1729 586 1803 Morieris
606 1731 740 1801 stamine
762 1735 898 1806 nondum

105 1848 269 1941 Abrupto.
292 1847 359 1937 Jam
381 1871 461 1915 nunc
483 1849 600 1931 obstas,
622 1847 744 1923 &vota
767 1851 909 1927 morarisfi

104 1966 176 2056 Jam
198 1984 326 2057 torquet
348 1967 491 2057 juvenem
515 1966 609 2059 longa
632 1964 667 2034 δι
689 1967 813 2035 cervina
834 1967 987 2038 serenus.
1071 1996 1075 2003 ·

104 2082 845 2177 OcyusArchigenemquaere,atqueeme,quod
854 2085 1024 2157 Mithrida·
1104 2088 1109 2101 '

103 2200 306 2292 Composuit,
332 2200 357 2267 si
378 2199 424 2267 vis
444 2201 535 2267 aliam
556 2201 727 2289 decerpere
749 2201 859 2287 ficum,
942 2194 1025 2306 (tes

103 2314 215 2407 Atque
228 2319 301 2395 alias
314 2315 444 2393 tranare
457 2337 555 2391 rosas.
569 2313 770 2387 Medicamen
785 2314 956 2385 babendum
962 2335 1024 2403 est,

104 2433 236 2503 Sorbere
256 2451 331 2503 unte
351 2428 451 2500 cibum
473 2432 555 2525 qnod
568 2432 680 2510 debeat
701 2430 737 2500 δε
749 2451 840 2524 pater
862 2431 1002 2505 &Rem

43 2582 46 2589 ⁴
104 2548 253 2619 Monstro
274 2550 466 2639 uoluptatem
490 2549 670 2640 egregiam
692 2549 838 2615 cuinulla
860 2551 1001 2647 theatra,

104 2663 198 2735 Nulla
221 2684 345 2754 aequare
366 2685 459 2752 queas
479 2664 621 2753 praetoris
642 2661 761 2752 pulpita
784 2664 859 2730 lauti
866 2690 877 2753 3
938 2693 940 2696 ⁴

104 2781 136 2850 Si
157 2779 290 2873 speeies,
310 2796 427 2871 quanto
448 2778 556 2871 capitis
575 2779 749 2866 discrimine
770 2799 914 2854 constent

104 2895 300 2967 Incrementa
321 2897 446 2982 domus,
468 2914 563 2966 aerata
587 2898 703 2965 multus
723 2899 755 2966 in
776 2916 847 2967 arca

104 3015 224 3099 Fiscus,
245 3012 279 3081 ἃ
301 3012 340 3080 ad
365 3012 490 3105 vigilem
515 3015 651 3107 ponendi
667 3013 799 3085 Castora
823 3019 974 3101 nummi„

104 3128 151 3199 Ex
169 3155 230 3222 quo
245 3130 337 3200 Mars
359 3131 444 3203 ultor
465 3132 585 3224 galeam
606 3152 728 3225 quoque
742 3135 899 3224 perdidit,
918 3134 954 3202 &
968 3159 1020 3215 tes

104 3244 174 3315 Non
196 3248 298 3337 potuit
319 3269 442 3316 serrare
463 3226 545 3316 suas.
567 3248 654 3343 Ergo
670 3251 772 3345 omnia
783 3251 904 3333 Florae,

104 3360 146 3431 Et
170 3358 296 3432 Cereris
320 3367 414 3450 licet,
435 3363 470 3433 δι
492 3364 625 3448 Cybeles
649 3369 746 3435 aulaea
766 3368 937 3460 relinquam

105 3475 210 3555 Tanto
232 3482 363 3564 majores
382 3483 512 3553 humana
535 3484 661 3578 negotia
682 3484 761 3551 ludi.
1006 3462 1008 3467 ¹

653 3598 727 3687 La
