2634 3934
355 278 647 375 sarran
690 287 752 361 v1.
930 305 1013 381 a5

66 428 227 520 Audax,
248 428 284 519 dt
303 453 404 506 coetus
425 437 520 528 possit
543 459 612 527 quae
634 436 720 505 ferre
742 438 898 521 virorum,
940 469 942 472 ·

67 555 239 644 Cumque
259 553 410 644 paludatis
430 555 573 635 ducibus,
596 541 751 641 praesente
773 555 906 637 marito,

70 669 161 761 Ipsa
184 668 269 762 loqui
291 670 372 737 rebla
394 665 492 750 facie,
514 667 682 758 stridisque
703 671 861 738 mamillis.

71 786 179 854 Haec
201 787 310 854 eadem
333 784 440 866 novit,
462 784 535 874 quid
555 803 625 852 toto
646 785 699 852 fiat
720 786 752 853 in
773 789 863 872 orbe,

70 904 180 995 Quid
195 902 308 983 Seres,
330 897 402 990 qnid
424 896 563 973 Thraces
582 920 693 995 agant:
715 922 834 972 secreta
854 923 999 990 nonercae

73 1020 129 1087 Et
159 1020 265 1109 pueri:
288 1017 355 1107 quis
375 1036 475 1103 amet,
496 1020 564 1111 quis
583 1021 745 1110 diripiatur
765 1022 905 1087 adulter.

71 1136 211 1215 Dicet,
235 1133 303 1224 quis
323 1133 442 1220 viduam
463 1135 677 1228 praegnantem
700 1135 831 1219 feccrit,
853 1134 888 1203 ἃ
909 1156 971 1226 quo

73 1252 231 1332 Mense3
235 1251 338 1340 quibus
353 1253 451 1321 verbis
465 1253 647 1320 concumbat
660 1273 791 1344 quaeque
799 1302 809 1341 ,
818 1253 913 1319 modis
925 1269 1011 1344 qnot.

75 1367 267 1455 Instantem
291 1368 359 1459 rogi
381 1363 553 1459 Armenio,
575 1368 755 1460 Parthoque
776 1386 919 1456 cometen

76 1481 196 1551 Prima
218 1483 321 1552 videt:
342 1479 474 1578 famam,
497 1508 696 1577 rumoresque
718 1487 772 1553 illa
795 1486 948 1553 recenteis

77 1598 215 1690 Excipit
236 1600 274 1686 ad
296 1618 416 1689 portas:
439 1604 584 1689 quosdam
604 1602 679 1665 facit
701 1602 764 1668 Isse
786 1600 953 1687 Niphatern

79 1714 127 1781 In
152 1715 303 1802 populos,
324 1732 499 1801 magnoque
521 1712 586 1776 illic
606 1703 804 1775 cunua'arva
827 1710 927 1776 teneri

80 1826 242 1897 Diluvio:
265 1841 375 1904 nutare
397 1826 505 1908 urbes,
527 1824 679 1892 subsidere
701 1843 818 1908 terras,

84 1945 295 2036 Quocunque
317 1944 348 2007 in
369 1940 482 2026 trivio,
501 1942 674 2033 cuicunque
693 1959 741 2009 est
762 1944 867 2027 obvia,
889 1960 1011 2033 narrat,

150 2058 369 2129 Nectamenid
378 2059 485 2130 vitium
492 2060 589 2153 magis
603 2059 815 2146 intolerabile,
836 2083 927 2150 quam
941 2082 1011 2155 quae

87 2176 223 2250 Vicinos
244 2175 384 2243 humileis
406 2200 535 2266 rapere,
556 2174 591 2245 dc
612 2177 775 2260 concidere
796 2177 869 2260 loris
961 2169 971 2190 '

88 2293 229 2378 Exorata
251 2293 351 2380 solet3
371 2315 442 2364 narn
464 2294 488 2360 si
510 2294 670 2361 latratibus
690 2293 746 2360 alti

89 2408 296 2502 Rumpuntur
316 2410 432 2483 somni:
455 2408 550 2481 fustes
571 2411 632 2479 hnc
652 2432 763 2492 ocyus,
784 2409 904 2501 inquit,

90 2523 247 2605 Adferte,
270 2543 364 2614 atque
385 2526 447 2598 illis
467 2528 625 2598 dominum
646 2528 733 2616 jubet
754 2542 827 2594 ante
848 2525 953 2620 feriri,

91 2640 219 2724 Deinde
239 2661 364 2709 canem:
387 2642 488 2730 granis
508 2664 654 2723 occursu,
676 2640 837 2706 teterrima
858 2643 947 2709 vultu
972 2707 981 2730 ,p

93 2758 210 2826 Balnea
232 2754 322 2821 nolle
342 2755 438 2824 subit:
458 2757 608 2840 conchas,
630 2756 786 2825 &castra
808 2757 927 2824 moveri

93 2872 191 2943 Nouo
214 2872 316 2953 jubet:
338 2894 450 2963 magno
473 2875 587 2965 gaudet
608 2875 717 2942 sudare
739 2875 892 2957 tumultu,
923 2908 927 2915 ·

95 2988 178 3058 Cum
200 2989 309 3076 lassata
331 2989 418 3081 gravi
439 2990 619 3064 ceciderunt
641 2988 779 3074 bracchia
800 3013 913 3076 massa,

95 3104 234 3174 Callidus
255 3103 290 3172 dc
314 3105 418 3180 cristae
437 3105 552 3199 digitos
573 3105 727 3197 impressit
747 3093 877 3198 aliptes,
951 3099 953 3104 ¹

96 3217 147 3293 Ac
167 3243 316 3296 summurn
338 3221 472 3300 dominae
492 3219 595 3297 femur
617 3223 789 3304 exclamare
809 3219 930 3313 coegit,

87 3327 246 3407 'Convivae
266 3338 368 3414 miseri
389 3339 509 3416 interea
522 3360 708 3431 somnoque,
728 3337 870 3427 fameque

97 3449 284 3554 Urgeotur3
306 3456 431 3536 tandein
451 3457 506 3537 illa
529 3456 614 3537 venit
636 3453 855 3537 rubicundnla,
878 3470 982 3523 toturn

697 3569 727 3637 E
