2634 3934
385 238 753 313 snrrnnr.
856 178 858 183 '

88 378 199 465 nunc
224 396 271 462 via
292 415 464 485 processus,
483 394 603 485 vetulas
625 394 724 461 vesica
746 394 865 462 beata?

90 511 279 583 Unciolam
300 511 477 592 Proculeius
499 510 609 590 habet,
629 511 682 577 sed
703 509 792 578 Gillo
814 510 981 596 deuncem,
1035 573 1039 579 .

85 627 228 701 Parteis
249 629 375 718 quiaque
397 647 466 692 suas
486 626 524 691 ad
544 611 717 691 mensuram
739 628 871 719 inguinis
892 627 995 698 heresa
1064 702 1066 704 ,

85 742 253 836 Accipiat
273 766 345 811 sane
368 740 543 808 mercedem
565 741 734 832 sanguinis,
754 740 791 809 dt
812 745 853 812 sic

84 858 246 945 Palleat,
267 877 304 925 ut
326 855 414 923 nudis
432 857 544 947 pressit
564 857 616 948 qui
636 858 766 926 calcibus
786 881 937 953 anguem,

84 973 172 1047 Aut
200 976 442 1066 Lugdunensem
466 975 571 1044 rhetor
589 975 722 1042 didiurus
742 976 780 1044 ad
802 1001 901 1044 aram.

79 1092 193 1184 Quid
215 1087 364 1172 referam,
387 1109 496 1179 quanta
518 1093 629 1159 siccum
651 1096 737 1195 jecur
757 1093 865 1158 ardeat
887 1075 950 1172 ira,

80 1207 190 1277 Cum
202 1207 346 1297 populum
359 1210 504 1300 gregibus
515 1210 664 1277 comitum
675 1209 791 1298 premit
803 1207 852 1274 hic
864 1206 1008 1298 spoliator
1092 1222 1094 1225 ’

83 1323 221 1414 Pupilli
243 1324 430 1413 prostantis?
451 1322 486 1390 dt
508 1318 558 1392 bic
579 1325 738 1390 damnatus
759 1324 842 1391 inani

85 1438 221 1527 Iudicio
243 1439 347 1530 (Quid
370 1441 452 1506 enim
473 1442 560 1508 salvis
580 1437 703 1507 infamia
725 1442 896 1526 nummisib

4 1562 5 1567 ’
86 1555 196 1624 Exsul
209 1557 256 1625 ‘ab
276 1555 377 1624 octava
399 1555 519 1624 Marius
541 1557 632 1639 bibit,
653 1555 821 1626 &fruitur
841 1555 907 1627 Dis

4 1730 5 1737 ,
84 1671 210 1741 Iratis:
230 1688 264 1737 at
285 1689 323 1736 tu
344 1671 452 1735 vidirix
474 1672 630 1754 provincia
651 1673 767 1751 ploras.

4 1754 6 1853 l
87 1786 191 1856 Haec
213 1805 274 1872 ego
295 1804 357 1847 non
378 1778 501 1846 credam
525 1777 683 1850 Venusina
704 1778 797 1870 digna
818 1779 964 1850 lucerna?
1025 1809 1028 1817 ’

87 1902 191 1970 Haec
212 1920 273 1989 ego
295 1919 356 1963 non
377 1895 514 1988 agitem?
544 1895 597 1962 sed
619 1895 691 1986 quid
713 1896 810 1988 magis
831 1895 1021 1983 Heracleas,

3 2068 4 2071 ,
91 2014 174 2087 Aut
196 2013 400 2096 Diomedeas,
421 2031 475 2107 aut
495 2013 648 2106 mugitum
670 2011 871 2096 Labyrinthi,

93 2132 147 2201 Et
169 2153 254 2199 mare
276 2151 448 2220 percussum
468 2153 583 2220 puero,
604 2126 784 2221 fabrumque
806 2132 980 2201 volantem?

92 2249 186 2319 Cum
208 2248 281 2315 leno
300 2247 429 2335 accipiat
452 2246 567 2316 moechi
589 2248 682 2328 bona,
705 2249 729 2311 si
750 2246 890 2335 capiendi
913 2258 914 2261 ’

98 2364 153 2452 Jus
175 2365 294 2432 nullum
315 2364 420 2446 uxori,
439 2363 542 2433 donus
563 2362 699 2454 spediare
719 2364 862 2445 lacunar,

99 2479 220 2549 Doctus
240 2477 275 2546 dt
296 2480 333 2576 ad
355 2480 484 2549 calicem
506 2479 645 2573 vigilanti
667 2458 800 2547 stertere
821 2502 910 2549 naso:

98 2596 187 2665 Cum
209 2591 253 2659 fas
275 2616 339 2663 esse
361 2613 451 2684 putet
472 2619 576 2662 curam
595 2618 720 2683 sperare
740 2595 893 2676 cohortis,

98 2711 169 2806 Qui
192 2712 268 2779 bona
290 2710 415 2777 donavit
436 2710 636 2800 praesepibus,
657 2708 801 2778 &caret
822 2707 905 2777 omni

102 2827 260 2910 Majorurn
280 2848 392 2909 censu,
412 2827 485 2895 dum
506 2828 646 2917 pervolat
666 2849 724 2894 axe
743 2826 841 2894 citato

102 2941 300 3012 Flaminiam:
322 2965 401 3033 puer
422 2939 622 3011 Automedon
645 2923 716 3010 nam
736 2944 803 3011 lora
823 2948 971 3028 tenebat,

101 3058 172 3150 Ipse
196 3062 362 3128 lacernatae
382 3080 453 3129 cum
475 3081 507 3127 se
529 3058 653 3143 jadaret
675 3060 797 3131 amicae.

102 3174 214 3245 Nonne
236 3177 312 3245 libet
332 3176 435 3245 medio
456 3194 540 3245 ceras
561 3177 693 3269 implere
714 3202 841 3269 capaces
875 3222 888 3253 ο

99 3291 286 3382 Quadrivio,
306 3317 378 3363 cum
398 3298 459 3377 jam
480 3297 708 3364 sarracenice
729 3294 847 3363 seratur

103 3407 194 3479 Hinc
215 3425 307 3502 atque
326 3412 399 3483 inde
422 3429 549 3510 patens,
570 3436 605 3483 oc
628 3413 709 3478 nuda
732 3433 822 3502 paene
843 3405 1008 3493 cathedra,

655 3521 731 3600 Aa
