2634 3934
286 294 322 367 iv
466 283 533 356 DE
557 273 750 352 SATYRA
776 269 1041 364 JUVENALIS

287 457 316 528 si
340 445 530 533 lasciviam,
562 463 600 511 ac
624 437 770 525 denique
794 433 1076 546 declamationem
1102 430 1238 520 potius

290 599 393 669 quarn
418 577 574 659 Satyram
596 587 667 638 esse
690 560 999 655 pronunciaverint,

333 684 630 793 Qodjudicium,
654 685 1090 779 praestantissimarum,
1109 705 1235 772 quum

288 837 334 905 sit
351 830 498 898 virorum
514 803 695 905 meltiplici
711 812 877 898 domina,
902 813 989 878 sicut
1008 813 1139 899 optime
1154 833 1230 878 no·

288 958 350 1043 sti,
385 949 654 1032 excellentium,
689 961 816 1028 magnae
848 957 975 1022 semper
1007 935 1229 1006 auetoritatis

290 1081 379 1171 apud
402 1096 519 1147 omnes
542 1071 611 1140 fore
644 1089 712 1137 non
737 1059 877 1131 dubito.
927 1057 1051 1146 Neque
1076 1060 1125 1130 fas
1147 1080 1227 1129 esse

289 1207 458 1278 crederem
482 1201 524 1268 de
549 1191 718 1284 Iuvenalis
734 1190 850 1270 Satyra
873 1186 1075 1255 sententiam
1099 1185 1141 1254 ab
1157 1207 1223 1253 eo-

293 1355 369 1407 rum
394 1329 553 1418 opinione
580 1318 636 1389 vel
669 1313 845 1384 minimum
877 1310 1103 1384 discedentem
1136 1331 1224 1396 ape.

290 1462 373 1546 rire,
407 1455 469 1525 nisi
502 1468 555 1520 me
587 1444 623 1512 id
646 1461 725 1510 cum
756 1436 949 1506 eorumdem
983 1459 1062 1525 pace
1088 1459 1128 1506 ac
1153 1456 1221 1503 ve·

291 1587 348 1656 nia
372 1580 536 1650 feliumm
559 1567 801 1658 intelligerem,
834 1561 1096 1649 disceptatione,
1121 1581 1220 1629 more

290 1711 456 1790 majorum
478 1704 620 1769 honesto
636 1694 762 1764 scilicet
783 1710 821 1759 ac
839 1690 1045 1773 verecundo,
1071 1708 1144 1754 non
1159 1707 1219 1753 ea-

291 1834 374 1903 nino
398 1830 482 1913 isto,
514 1823 572 1909 qui
598 1837 669 1887 tam
691 1813 815 1884 multos
839 1814 938 1882 hodie
969 1810 1101 1880 rabidos
1123 1811 1218 1900 agit,

292 1957 466 2037 instituta,
491 1944 732 2035 praesertimque
757 1939 920 2028 apud-te,
953 1953 1052 2020 quem
1078 1930 1129 1999 illi
1152 1933 1218 2021 ipsi

292 2081 444 2148 litterate
475 2072 642 2159 sapientie
676 2088 822 2158 proceres
850 2075 1015 2130 summum
1047 2053 1110 2122 sibi
1126 2082 1217 2137 ⁴sure

292 2228 413 2277 eaussae
438 2170 669 2285 judicemini
692 2187 949 2265 ambitiosissime
974 2179 1217 2270 postulassent.

346 2331 463 2418 Itaque
494 2329 559 2399 hoc
586 2328 730 2412 primum
762 2302 805 2386 ert
829 2307 1033 2400 Qrintiliani
1065 2306 1216 2379 dottrim

292 2458 500 2530 verissimum
532 2473 602 2523 esse
627 2442 805 2538 pertende,
821 2424 991 2520 'Satyram
1014 2450 1121 2501 totam
1145 2454 1217 2504 esse

293 2583 508 2672 Romanam,
532 2582 668 2665 ejusque
692 2566 853 2657 originem
877 2555 918 2625 ab
941 2558 1093 2643 Satyrica
1118 2555 1215 2627 Grae.

294 2736 412 2785 comm
436 2709 527 2800 poesi
550 2702 739 2773 nullatenus
762 2682 990 2771 repetendam.
1031 2680 1071 2746 ld
1095 2698 1213 2756 autem

293 2842 351 2913 vel
375 2837 519 2910 maxime
542 2821 668 2913 probari
691 2814 776 2886 mihi
793 2806 949 2891 videtur,
968 2802 1064 2890 quod
1086 2823 1211 2877 nomen

293 2971 403 3059 ipsum
428 2961 560 3041 Satyraes
576 2948 647 3014 sive
672 2942 796 3013 Saturae
820 2933 863 2999 sit
888 2951 970 3016 pura
995 2925 1116 2993 Latina
1142 2949 1210 2997 vox
1314 2966 1315 2977 ,

294 3062 562 3166 avetustissimi's
585 3063 771 3138 austoribus
802 3075 861 3142 pro
893 3049 1066 3120 sarcimine
1098 3045 1209 3135 primi.

294 3237 350 3287 tus
373 3218 545 3291 usurpata:
572 3193 661 3265 unde
684 3195 719 3264 δε
743 3180 926 3254 multorum
950 3196 988 3242 ac
1003 3174 1207 3248 diversorum
1314 3250 1315 3253 Ἴ

292 3338 442 3427 capitum
474 3328 564 3420 leges
588 3325 623 3394 δε
646 3312 831 3401 complures
854 3300 974 3373 diversi
998 3300 1129 3392 generis
1159 3301 1207 3372 hi.

293 3464 410 3537 storias
442 3455 647 3551 appellavere
671 3446 820 3532 Satyros.
852 3432 917 3509 Sed
942 3446 1019 3505 ante
1046 3431 1117 3507 haec
1141 3448 1206 3500 om.
