2634 3934
311 212 325 268 r
543 178 967 284 JUVENdLlS

310 351 353 419 Et
375 349 507 418 multum
529 342 667 414 referens
687 348 727 415 de
748 346 927 421 Maecenate
949 348 1058 438 supino

311 466 458 559 Signator
477 461 570 548 falso,
591 464 646 553 qui
667 486 700 531 se
723 465 856 547 lautum,
868 480 967 557 atque
988 465 1111 531 beatum
1174 489 1183 504 ·

312 583 443 675 Exiguis
463 579 591 662 tabulis,
611 578 646 649 ἃ
669 602 792 675 gemma
812 577 930 649 fecerat
951 581 1030 649 uda?

315 696 466 767 Occurrit
487 715 627 766 matrona
648 717 774 788 potens,
796 719 868 787 quae
889 698 983 765 molle
1003 695 1163 764 Calenum

316 810 497 883 porrectura
519 814 584 879 viro
606 812 715 878 miscet
736 811 863 880 sitiente
884 816 1041 896 rubetam,
1152 831 1156 841 ⁴

319 927 519 1017 Instituitque
541 926 630 995 rudes
651 926 762 995 melior
782 924 917 994 Locusta
938 930 1122 1020 propinquas

211 1104 215 1113 ,
319 1047 383 1115 Per
404 1041 537 1127 famam,
558 1042 592 1111 dt
613 1046 757 1135 populum
779 1042 884 1134 nigros
903 1042 1017 1110 efferre
1038 1046 1185 1113 maritos.

321 1158 416 1230 Aude
436 1160 550 1253 aliquid
569 1161 707 1230 brevibus
727 1157 839 1241 Gyaris
859 1157 895 1226 dr
914 1180 1041 1227 carcere
1061 1163 1195 1254 dignum
1207 1203 1226 1240 ,

321 1279 357 1346 Si
378 1276 423 1342 vis
443 1298 509 1351 esse
532 1277 654 1367 aliquis:
677 1275 834 1346 Pnontrus
857 1276 1015 1360 laudatur,
1036 1275 1073 1344 dt
1093 1278 1206 1369 alget«

323 1385 512 1463 Criminibus
534 1392 647 1459 debent
672 1393 795 1471 hortos,
815 1391 982 1478 praetoria,
1004 1414 1145 1473 mensas,-

306 1567 309 1571 .
327 1507 507 1602 Argentum
529 1520 636 1591 vetus,
657 1505 692 1576 ἃ
715 1521 849 1572 stantem
871 1521 961 1570 extra
976 1494 1084 1595 pocula
1098 1504 1257 1594 caprum,

229 1642 231 1649 “
327 1627 436 1720 Quem
456 1624 573 1717 patitur
595 1624 730 1693 dormire
751 1637 844 1691 nume
862 1637 1024 1713 corruptor
1044 1639 1167 1702 avarae,

329 1744 438 1835 Quem
460 1763 578 1831 sponsae
600 1759 726 1832 turpes,
746 1738 782 1831 dt
803 1756 1004 1830 praetextatus
1025 1739 1169 1806 adulter?

331 1858 368 1924 Si
389 1873 497 1920 natura
525 1871 639 1943 negat,
669 1853 743 1917 facit
763 1854 933 1944 indignatio
953 1876 1091 1937 versum,

311 2041 315 2045 ,
333 1967 597 2058 Quemcumque
617 1980 738 2053 potest:
760 1966 876 2051 qualeis
897 1990 977 2056 ego,
999 1970 1049 2032 vel
1063 1960 1263 2035 eravimus:

392 2078 444 2150 Ex
465 2102 529 2173 quo
545 2077 718 2148 Deucalion
740 2077 846 2145 nimbis
866 2079 1045 2146 tollentibus
1066 2100 1172 2171 aequor

338 2199 473 2292 Navigio
491 2213 628 2265 montem
649 2194 803 2278 escendit,
823 2197 989 2287 sorteisque
1010 2194 1168 2287 poposcit,

340 2317 565 2402 Paullatimque
585 2313 686 2378 anima
705 2311 866 2377 caluerunt
887 2313 1097 2394 mollientia,

342 2435 386 2502 Et
407 2428 536 2495 maribus
558 2429 653 2495 nudas
670 2425 805 2496 ostendit
825 2422 942 2509 Pyrrha
963 2428 1097 2520 puellas:

342 2545 501 2642 Quidquid
515 2564 611 2640 agunt
625 2546 774 2629 homines,
789 2561 905 2631 votum,
921 2547 1026 2632 timor,
1034 2547 1090 2630 ira,
1097 2548 1252 2639 voluptas,

343 2664 486 2747 Gaudia,
508 2664 672 2747 discursus,
695 2662 792 2731 nostri
813 2680 861 2729 est
882 2660 1003 2758 farrago
1025 2663 1136 2731 libelli.

347 2780 391 2848 Et
412 2779 531 2869 quando
552 2780 673 2845 uberior
692 2779 834 2846 uitiorum
856 2781 962 2872 copia?
982 2779 1103 2871 quaudo

348 2895 460 2978 Major*
476 2895 611 2962 avaritiae
632 2879 732 2985 patuit
752 2893 854 2963 unus?
875 2897 942 2965 alea
962 2896 1083 2988 quando

347 3013 423 3089 Hos
442 3010 579 3079 animos?
599 3030 700 3102 neque
721 3009 803 3078 enim
823 3009 931 3079 loculis
948 3009 1162 3079 comitantibus
1183 3008 1240 3078 itur

351 3130 405 3196 Ad
426 3146 527 3196 casum
545 3127 680 3209 tabulas,
702 3127 800 3217 posita
821 3129 874 3194 sed
895 3128 1010 3195 luditur
1029 3146 1115 3191 arca.

350 3243 462 3322 Praelia
482 3259 594 3334 quanta
614 3242 680 3310 illic
700 3243 907 3333 dispensatore
929 3236 1041 3312 videbis

349 3349 537 3451 Arnigem!
556 3360 724 3453 simplexne
745 3356 830 3431 furor
851 3358 989 3436 sestertia
1009 3375 1135 3441 centum
1217 3395 1221 3404 ’
