2634 3934
285 280 343 347 138
527 258 951 350 JUVENALIS

278 415 368 483 Nube
389 437 468 497 una,
490 415 664 503 subitusque
685 429 833 479 antennas
854 411 976 502 impulit
1000 413 1092 505 ignis;

276 532 361 599 Cum
383 553 414 596 se
428 533 555 622 quisque
577 531 632 597 illu
653 552 826 620 percussum
849 528 1010 613 crederet,
1033 529 1150 600 &mox

276 627 445 734 Attonitus
466 647 584 714 nullum
605 644 740 714 conferri
761 669 848 737 posse
869 663 992 735 putatet
1073 681 1077 686 ·

278 760 478 853 Naufragium
504 764 579 829 velis
600 764 790 830 ardentibus.
812 764 927 832 Omnia
949 759 1023 827 fiunt

163 947 171 962 s
276 874 387 958 Talia,
409 893 472 942 tam
494 878 650 969 graviter,
672 880 697 941 si
719 880 840 966 quando
862 879 983 967 poetica
1003 880 1102 970 surgit
1170 893 1174 899 ’

276 987 481 1083 Tempestas3
504 1016 602 1085 genus
622 1016 695 1061 ecce
717 993 798 1059 aliud
820 994 1015 1061 discriminis:
1038 993 1127 1076 audi,

275 1109 319 1176 Et
340 1111 484 1202 miserere
506 1111 638 1202 iterum,
659 1094 833 1199 quanquam
854 1111 916 1175 sint
937 1127 1044 1180 cetera
1067 1112 1157 1176 sortis

165 1311 169 1316 η
276 1225 436 1305 Ejusdem:
460 1249 528 1318 pars
549 1228 615 1293 dira
636 1228 780 1316 quidem,
802 1226 853 1293 sed
874 1227 1001 1318 cognita
1022 1229 1149 1309 multis,

275 1339 319 1405 Et
342 1364 434 1429 quam
458 1345 561 1407 votiva
585 1361 740 1409 testantur
760 1342 831 1411 fana
852 1342 964 1410 tabella
1034 1336 1037 1340 ¹

275 1453 426 1522 Plurima.
449 1453 583 1523 Pitio'res
604 1459 671 1544 quis
693 1460 790 1523 nescit
809 1458 847 1521 ab
869 1458 949 1524 Iside
972 1461 1077 1546 pasci?
1160 1523 1166 1530 .

276 1570 401 1643 Accidit
423 1571 458 1641 δε
480 1588 586 1663 nostru
609 1571 714 1638 s'uniiis
736 1571 861 1640 fortuna
883 1570 1026 1639 Catullo.

274 1690 359 1759 Cum
373 1695 480 1784 plenus
492 1690 585 1757 fludu
608 1692 725 1759 medius
738 1687 821 1758 foret
833 1689 954 1769 alveus,
977 1687 1012 1754 δε
1027 1673 1106 1773 iam,
1143 1720 1149 1726 ·

274 1794 446 1876 Alternum
470 1810 577 1898 puppis
598 1812 677 1875 latus
698 1807 909 1876 evertentibus
929 1805 1016 1872 undis
1097 1829 1107 1862 ,-

274 1918 403 1987 Arboris
425 1925 580 2003 incertae,
603 1925 718 1989 nuliam
736 1921 904 2012 'prudentia
923 1923 992 2000 cani

274 2033 412 2100 Redoris
433 2032 589 2101 conferret
604 2060 728 2126 ¹opem:
752 2038 895 2104 decidere
917 2037 995 2117 janu

272 2148 384 2241 Coepit
407 2174 477 2218 cum
499 2147 622 2234 ventis‚'
641 2153 778 2218 imitatus
798 2151 950 2236 Castora,
966 2156 1024 2244 qui
1045 2176 1079 2221 se

273 2266 458 2336 Eunuchum
481 2269 544 2358 ipse
566 2267 669 2354 facit,⁸
682 2270 807 2359 cupiens
828 2272 960 2339 evadere
979 2272 1092 2338 damno

274 2380 527 2452 Testiculorum:
549 2387 627 2451 adeo
650 2387 836 2453 medicatum
858 2387 1008 2478 iutelligit
1030 2389 1160 2480 inguen.

273 2501 407 2570 Fundite
420 2552 430 2584 ,
442 2523 512 2592 quae
526 2524 593 2567 mea
607 2520 698 2585 sunt,
720 2497 860 2585 dicebat,
882 2503 1008 2586 cuneta,
1022 2505 1189 2585 Catullus,

273 2616 474 2709 Praecipitare
499 2621 604 2687 volens
625 2620 720 2687 etiam
743 2620 964 2710 pulcherrima,
988 2638 1105 2688 vestem
1195 2697 1205 2722 l

228 2809 234 2834 ,
272 2732 462 2822 Purpuream
485 2739 601 2803 teneris
621 2758 744 2826 quoque
767 2737 993 2808 Maecenatibus
1015 2754 1139 2832 aptam,

262 2847 379 2937 Atque
401 2849 491 2930 alias,
514 2873 641 2940 quarum
663 2846 804 2945 generosi
826 2854 970 2946 graminis
992 2855 1121 2945 ipsum?

270 2960 384 3030 infecit
408 2980 515 3030 natura
536 2983 650 3056 pecus,
674 2967 725 3035 sed
748 2966 782 3033 dt
803 2970 949 3062 egregius
970 2966 1037 3037 fons
1102 3013 1108 3040 ·,
1136 3013 1140 3020 ·
1175 2977 1180 2986 '

269 3071 395 3150 Viribus
417 3081 565 3165 occultis,
587 3084 622 3150 dt
645 3081 779 3150 Baticus
799 3086 923 3169 adjuvat
945 3103 1014 3155 aet.

269 3195 329 3263 Ille
352 3221 409 3265 nec
431 3216 595 3292 argentum
616 3200 771 3268 dubitabat
795 3180 942 3285 mittere,
963 3191 1066 3269 lances

268 3311 434 3381 Parthenio
455 3309 568 3400 fanis,
590 3338 676 3382 urnae
699 3335 818 3387 cratera
838 3338 1006 3409 capacem,
1065 3335 1077 3342 ··

267 3427 310 3496 Et
333 3429 459 3522 dignum
481 3434 605 3503 sitiente
628 3429 745 3521 Pholo,
768 3438 817 3505 uei
840 3439 973 3529 conjuge
995 3435 1100 3506 Fusci.
1128 3473 1133 3478 v
