2634 3934
304 308 345 363 u
538 269 966 387 ruununtrs

299 433 435 503 Clunern
449 428 584 524 agitant.
608 428 679 522 Ego
693 444 728 496 te
741 443 922 512 ceventem,
936 426 1051 512 Sexte,
1064 433 1247 522 verebor?

300 546 425 629 Infamis
447 546 584 619 Varillus
605 547 667 615 ait:
689 568 752 638 quo
773 546 914 613 deterior.
929 549 985 615 te?

299 664 488 755 Loripedem
510 664 608 735 rodus
629 664 790 748 derideat,
811 659 997 753 AEthiopern
1018 664 1127 731 albus.

300 780 378 874 Quis
400 781 510 847 tulerit
531 774 690 849 Gracchos
711 783 751 847 de
769 780 926 848 'seditione'
944 781 1154 870 querenteis?

299 898 378 988 Qris
399 897 516 964 coelum
538 897 631 963 terris
653 921 715 963 non
737 890 885 976 misceat,
905 894 940 961 ἃ
963 920 1046 965 mare
1067 901 1189 984 ccclv,

300 1012 333 1081 Si
354 1010 404 1080 fur
425 1012 586 1104 displiceat
610 1012 730 1085 Verri?
752 1009 900 1078 homicida
923 1011 1062 1084 Miloni?

300 1128 432 1199 Clodius
454 1144 577 1196 accuset
600 1129 759 1198 moechos?
780 1124 919 1196 Catilina
940 1126 1150 1224 Cethegum?

299 1244 337 1309 ln
360 1246 492 1318 tabulam
513 1244 611 1312 Sullae
632 1245 657 1311 si
678 1246 781 1313 dicant
802 1241 942 1334 discipuli
961 1249 1049 1316 tres?

298 1357 408 1452 Qualis
430 1376 500 1423 erat
522 1385 623 1451 nuper
645 1364 766 1453 tragico
786 1340 922 1451 pollutus
942 1361 1065 1430 adulter

299 1474 491 1547 Concubitu:
505 1472 567 1574 ¹qui
589 1490 664 1541 tunc
686 1478 772 1566 leges
793 1476 958 1561 revocabat
975 1474 1093 1544 amaras

301 1593 473 1674 Omnibus,
495 1604 590 1681 atque
610 1591 683 1684 ipsis
703 1588 826 1685 Veneri
847 1586 1009 1680 Martique
1031 1589 1215 1678 timendas,

294 1708 386 1780 Cum
408 1725 458 1777 tot
480 1709 624 1777 abortivis
644 1705 823 1780 foecundam
844 1704 923 1793 Julia
944 1704 1066 1776 vulvam
1163 1780 1165 1787 y

303 1823 468 1908 Solveret,
490 1824 527 1893 dt
547 1841 659 1915 patruo
679 1823 804 1892 simileis
824 1822 995 1892 effunderet
1017 1822 1110 1895 offas?

304 1940 418 2006 Nonne
440 1940 536 2026 igitur
556 1944 625 2017 jure
645 1959 683 2002 ac
705 1939 817 2003 merito
840 1941 914 2003 vitia
936 1940 1043 2006 ultima
1065 1940 1146 2008 fidos

300 2051 518 2122 Contemnunt
541 2042 689 2133 Scauros,
710 2050 746 2118 dc
767 2051 917 2143 castigata
940 2054 1143 2122 remordent?
1217 2098 1220 2103 ·

300 2167 371 2237 Non
393 2165 467 2235 tulit
489 2188 526 2234 ex
547 2165 609 2232 illis
631 2152 757 2234 torvum
777 2163 913 2233 Laronia
933 2167 1086 2256 quendam

300 2285 501 2356 Clamantem
523 2283 632 2359 toties.
656 2281 722 2352 Ubi
746 2303 826 2349 nunc
848 2283 900 2348 lex
920 2281 1019 2369 Julia?
1041 2283 1177 2353 dormis?

302 2400 411 2490 Atque
432 2401 476 2465 ita
497 2398 669 2466 subridens:
692 2398 808 2465 Felicia
830 2412 989 2489 tempora,
1011 2420 1082 2491 quae
1102 2417 1137 2469 te

300 2514 442 2581 Moribus
463 2517 641 2604 opponunt!
665 2514 792 2582 Habeat
814 2519 876 2598 jam
897 2513 999 2591 Roma
1020 2517 1187 2607 pudoremt

303 2624 432 2698 Tertius
453 2652 471 2697 e
494 2631 577 2704 coelo
599 2631 713 2700 cecidit
733 2632 835 2701 Cato.
858 2631 920 2701 Sed
943 2644 1048 2702 tamen
1070 2634 1152 2702 uude

299 2742 386 2814 Haec
407 2747 501 2830 emis,
524 2747 643 2814 hirsuto
664 2750 781 2839 spirant
802 2751 993 2839 opobalsama
1015 2751 1096 2819 collo

248 2924 253 2933 .
299 2860 382 2952 Qrae
404 2862 480 2932 tibi?
503 2883 543 2929 ne
563 2862 678 2952 pudeat
700 2865 856 2932 dominum
878 2885 1048 2935 monstrare
1067 2866 1221 2935 tabernae·
1261 2956 1268 2964 ι

299 2976 393 3069 Quod
416 2977 441 3046 si
463 2994 613 3047 vexantur
635 2981 740 3075 leges,
760 3005 798 3050 ac
818 2985 901 3063 jura:
923 2984 1014 3051 citari

300 3089 392 3165 Ante
414 3097 530 3164 omneis
551 3097 645 3167 debet
667 3099 838 3168 Scantinia.
861 3096 997 3187 Respice
1018 3094 1151 3186 primum

299 3207 345 3277 Et
368 3230 506 3282 scrutare
529 3215 625 3283 viros:
646 3213 763 3282 faciunt
784 3214 817 3303 bi
838 3215 945 3306 plura3
966 3212 1019 3279 sed
1039 3210 1110 3275 illos

300 3322 454 3398 Defendit
476 3328 637 3412 numerus,
660 3330 831 3420 iundaeque
851 3330 981 3395 umbone
1002 3326 1185 3421 phalanges.

301 3438 422 3535 Magna
446 3446 530 3521 iuter
549 3447 670 3518 molleis
690 3446 867 3519 concordia.
889 3441 960 3515 Non
981 3446 1043 3516 erit
1064 3445 1162 3516 ultum
1204 3456 1208 3462 '
