2634 3934
94 1535 224 1607 interris
254 1536 290 1607 in
322 1538 510 1628 Hetruria,
542 1541 627 1611 circa
659 1540 859 1631 vigesimum
891 1538 1024 1624 imperii

95 1654 230 1725 Tiberii
260 1658 400 1727 Caesaris
430 1681 579 1749 annum,
610 1680 642 1729 'a
667 1659 802 1729 Christo
833 1683 927 1746 passo
958 1661 1025 1730 fere

95 1780 304 1891 secuudum,
330 1801 420 1870 patre
444 1785 564 1855 Flacco
582 1785 704 1874 Equite
721 1781 898 1874 Romano,
923 1806 1025 1876 quem

95 1910 254 1981 sexennis
268 1910 400 2000 amisit,
425 1927 529 1983 matre
546 1909 667 1981 Fulvio
682 1912 853 2001 Sisennia,
870 1912 905 1983 in
922 1933 1024 2002 quam

95 2038 229 2126 pietate
252 2037 319 2105 fuit
345 2037 489 2130 insigni,
515 2039 799 2127 quemadmodum
823 2043 861 2113 dc
875 2062 953 2132 erga
969 2063 1023 2110 so-

95 2183 206 2235 rores.
230 2160 323 2232 Cum
340 2185 504 2235 annorum
518 2184 602 2236 esset
617 2166 816 2252 duodecim,
843 2168 936 2233 venit
953 2156 1022 2232 Ro-=

96 2310 210 2379 mam,
241 2287 301 2358 ubi
336 2283 531 2358 Remmium
568 2289 793 2375 Palaemonem
817 2258 1023 2358 Grammati-

95 2436 178 2484 cum
210 2415 366 2504 audivit,
396 2411 584 2487 Rhetorem
617 2440 699 2488 vero
721 2416 917 2509 -Virginium
949 2412 1023 2481 Fia-

100 2545 218 2627 vium,
251 2538 323 2607 aliis
354 2528 528 2610 Fla'ccum.
571 2540 690 2620 Annos
723 2559 823 2612 natus
856 2539 1023 2610 sexdecim

98 2687 235 2756 operam
258 2664 355 2734 dedit
380 2661 511 2735 Annaeo
535 2663 714 2754 Cornuto,
739 2667 859 2736 Stoicae
874 2664 1023 2734 Philoso-

102 2794 190 2880 phiae
214 2793 452 2883 antesignano,
476 2813 578 2880 quem
602 2792 706 2864 etiam
730 2789 870 2864 mirifice
894 2790 1024 2879 coluit,

101 2918 143 2989 ab
159 2919 232 3007 ipso
248 2919 369 3007 pariter
387 2936 540 3007 amatus,
565 2935 605 2986 ut
625 2935 714 3006 patet
733 2942 776 2989 ex
794 2920 911 3006 Satyra
924 2918 1024 3005 quin·

97 3058 156 3113 ta·
180 3043 273 3134 Quin
289 3050 332 3119 ’δε
355 3046 388 3113 ei
411 3043 539 3135 legavit
563 3066 633 3115 non
649 3045 853 3116 mediocrem
868 3062 1023 3112 nummo-

102 3192 177 3241 rum
199 3174 352 3262 copiam,
386 3170 543 3242 nimirum
568 3174 723 3244 sestercio
760 3188 918 3256 centum,
943 3182 1024 3252 aut,

103 3297 189 3366 sicut
213 3268 271 3367 alii
296 3298 441 3386 volunt,
478 3301 608 3390 argenti
640 3298 719 3369 fasti
743 3295 855 3385 pondo
878 3292 1024 3384 viginti,

105 3439 223 3513 praeter
254 3421 494 3499 bibliothecam
525 3445 640 3514 suam,
681 3424 717 3500 iu
749 3443 816 3513 qua
847 3430 1024 3503 numeram
