<?xml version="1.0" encoding="UTF-8"?>
<!DOCTYPE html PUBLIC "-//W3C//DTD XHTML 1.0 Transitional//EN"
    "http://www.w3.org/TR/xhtml1/DTD/xhtml1-transitional.dtd">
<html xmlns="http://www.w3.org/1999/xhtml" xml:lang="en" lang="en">
 <head>
  <title>
</title>
<meta http-equiv="Content-Type" content="text/html;charset=utf-8" />
  <meta name='ocr-system' content='tesseract 3.04.00' />
  <meta name='ocr-capabilities' content='ocr_page ocr_carea ocr_par ocr_line ocrx_word'/>
</head>
<body>
  <div class='ocr_page' id='page_1' title='image "./djuniijuvenalis00casagoog_0035.png"; bbox 0 0 2634 3934; ppageno 0'>
   <div class='ocr_carea' id='block_1_1' title="bbox 301 252 1020 337">
    <p class='ocr_par' dir='ltr' id='par_1_1' title="bbox 301 252 1020 337">
     <span class='ocr_line' id='line_1_1' title="bbox 301 252 1020 337; baseline -0.013 -5"><span class='ocrx_word' id='word_1_1' title='bbox 301 324 306 332; x_wconf 90' lang='lat'><em>.</em></span> <span class='ocrx_word' id='word_1_2' title='bbox 347 252 762 337; x_wconf 73' lang='lat' dir='ltr'><strong>DIss&#39;ERTATIO.</strong></span> <span class='ocrx_word' id='word_1_3' title='bbox 948 276 1020 324; x_wconf 73' lang='lat' dir='ltr'><strong>xxv</strong></span> 
     </span>
    </p>
   </div>
   <div class='ocr_carea' id='block_1_2' title="bbox 84 414 1103 3519">
    <p class='ocr_par' dir='ltr' id='par_1_2' title="bbox 84 414 1025 1010">
     <span class='ocr_line' id='line_1_2' title="bbox 86 414 1025 518; baseline -0.019 -18"><span class='ocrx_word' id='word_1_4' title='bbox 86 431 147 500; x_wconf 77' lang='lat' dir='ltr'><strong>sie</strong></span> <span class='ocrx_word' id='word_1_5' title='bbox 175 425 305 514; x_wconf 89' lang='lat' dir='ltr'><strong>aperit,</strong></span> <span class='ocrx_word' id='word_1_6' title='bbox 337 438 377 499; x_wconf 86' lang='lat' dir='ltr'><strong>ut</strong></span> <span class='ocrx_word' id='word_1_7' title='bbox 401 443 441 491; x_wconf 88' lang='lat' dir='ltr'><strong>ea</strong></span> <span class='ocrx_word' id='word_1_8' title='bbox 464 442 564 491; x_wconf 89' lang='lat' dir='ltr'><strong>nemo</strong></span> <span class='ocrx_word' id='word_1_9' title='bbox 596 442 666 491; x_wconf 90' lang='lat' dir='ltr'><strong>non</strong></span> <span class='ocrx_word' id='word_1_10' title='bbox 690 414 835 518; x_wconf 65' lang='lat' dir='ltr'><strong>tenebris</strong></span> <span class='ocrx_word' id='word_1_11' title='bbox 859 415 991 486; x_wconf 85' lang='lat' dir='ltr'><strong>damnet</strong></span> <span class='ocrx_word' id='word_1_12' title='bbox 1009 446 1025 483; x_wconf 90' lang='lat'><strong>.:</strong></span> 
     </span>
     <span class='ocr_line' id='line_1_3' title="bbox 85 539 1021 644; baseline -0.018 -22"><span class='ocrx_word' id='word_1_13' title='bbox 85 551 193 644; x_wconf 80' lang='lat' dir='ltr'>Qiid</span> <span class='ocrx_word' id='word_1_14' title='bbox 209 551 350 620; x_wconf 79' lang='lat' dir='ltr'><strong>faceret?</strong></span> <span class='ocrx_word' id='word_1_15' title='bbox 376 542 543 619; x_wconf 81' lang='lat' dir='ltr'>Scribebat</span> <span class='ocrx_word' id='word_1_16' title='bbox 568 545 680 614; x_wconf 81' lang='lat' dir='ltr'><strong>seculo</strong></span> <span class='ocrx_word' id='word_1_17' title='bbox 696 543 867 614; x_wconf 83' lang='lat' dir='ltr'><strong>Cassamm</strong></span> <span class='ocrx_word' id='word_1_18' title='bbox 884 539 1021 632; x_wconf 86' lang='lat' dir='ltr'><strong>flagitiis</strong></span> 
     </span>
     <span class='ocr_line' id='line_1_4' title="bbox 84 666 1025 774; baseline -0.015 -26"><span class='ocrx_word' id='word_1_19' title='bbox 84 675 443 760; x_wconf 77' lang='lat' dir='ltr'><strong>contaminatissimo,</strong></span> <span class='ocrx_word' id='word_1_20' title='bbox 467 668 595 774; x_wconf 81' lang='lat' dir='ltr'><strong>legibus</strong></span> <span class='ocrx_word' id='word_1_21' title='bbox 618 691 687 737; x_wconf 87' lang='lat' dir='ltr'><strong>una</strong></span> <span class='ocrx_word' id='word_1_22' title='bbox 709 693 793 751; x_wconf 13' lang='lat' dir='ltr'><strong>cum,</strong></span> <span class='ocrx_word' id='word_1_23' title='bbox 810 670 892 739; x_wconf 85' lang='lat' dir='ltr'><strong>elisa</strong></span> <span class='ocrx_word' id='word_1_24' title='bbox 906 666 1025 756; x_wconf 69' lang='lat' dir='ltr'><strong>Magn</strong></span> 
     </span>
     <span class='ocr_line' id='line_1_5' title="bbox 86 793 1017 901; baseline -0.014 -26"><span class='ocrx_word' id='word_1_25' title='bbox 86 821 270 875; x_wconf 80' lang='lat' dir='ltr'><strong>stratuum</strong></span> <span class='ocrx_word' id='word_1_26' title='bbox 294 818 380 868; x_wconf 85' lang='lat' dir='ltr'><strong>voce</strong></span> <span class='ocrx_word' id='word_1_27' title='bbox 403 797 570 898; x_wconf 72' lang='lat' dir='ltr'><strong>evanidis&#39;,</strong></span> <span class='ocrx_word' id='word_1_28' title='bbox 594 793 748 868; x_wconf 76' lang='lat' dir='ltr'><strong>Romana</strong></span> <span class='ocrx_word' id='word_1_29' title='bbox 764 795 1017 901; x_wconf 36' lang='lat' dir='ltr'><strong>illa5quondaltn</strong></span> 
     </span>
     <span class='ocr_line' id='line_1_6' title="bbox 90 922 982 1010; baseline -0.009 -10"><span class='ocrx_word' id='word_1_30' title='bbox 90 932 237 999; x_wconf 88' lang='lat' dir='ltr'><strong>virtute</strong></span> <span class='ocrx_word' id='word_1_31' title='bbox 261 934 377 1010; x_wconf 85' lang='lat' dir='ltr'><strong>sopore</strong></span> <span class='ocrx_word' id='word_1_32' title='bbox 399 922 620 1010; x_wconf 84' lang='lat' dir='ltr'><strong>penelethali</strong></span> <span class='ocrx_word' id='word_1_33' title='bbox 644 941 884 995; x_wconf 82' lang='lat' dir='ltr'><strong>marcescente.</strong></span> <span class='ocrx_word' id='word_1_34' title='bbox 948 969 952 976; x_wconf 85' lang='lat'><strong>·</strong></span> <span class='ocrx_word' id='word_1_35' title='bbox 980 979 982 983; x_wconf 64' lang='lat'><strong>,</strong></span> 
     </span>
    </p>

    <p class='ocr_par' dir='ltr' id='par_1_3' title="bbox 89 1046 1103 3269">
     <span class='ocr_line' id='line_1_7' title="bbox 144 1046 1023 1142; baseline -0.005 -22"><span class='ocrx_word' id='word_1_36' title='bbox 144 1054 246 1140; x_wconf 84' lang='lat' dir='ltr'><strong>Ergo</strong></span> <span class='ocrx_word' id='word_1_37' title='bbox 269 1049 548 1136; x_wconf 82' lang='lat' dir='ltr'><strong>quemadmodum</strong></span> <span class='ocrx_word' id='word_1_38' title='bbox 569 1049 759 1142; x_wconf 75' lang='lat' dir='ltr'>lethargicis</span> <span class='ocrx_word' id='word_1_39' title='bbox 773 1049 955 1118; x_wconf 73' lang='lat' dir='ltr'>excitandis</span> <span class='ocrx_word' id='word_1_40' title='bbox 972 1046 1023 1138; x_wconf 72' lang='lat' dir='ltr'><strong>pi:</strong></span> 
     </span>
     <span class='ocr_line' id='line_1_8' title="bbox 89 1173 1042 1268; baseline -0.004 -20"><span class='ocrx_word' id='word_1_41' title='bbox 89 1199 182 1248; x_wconf 86' lang='lat' dir='ltr'><strong>cem</strong></span> <span class='ocrx_word' id='word_1_42' title='bbox 207 1176 341 1246; x_wconf 86' lang='lat' dir='ltr'><strong>crudam</strong></span> <span class='ocrx_word' id='word_1_43' title='bbox 358 1179 388 1264; x_wconf 86' lang='lat'><strong>,&#39;</strong></span> <span class='ocrx_word' id='word_1_44' title='bbox 413 1175 523 1247; x_wconf 80' lang='lat' dir='ltr'><strong>lanam</strong></span> <span class='ocrx_word' id='word_1_45' title='bbox 544 1174 733 1265; x_wconf 63' lang='lat' dir='ltr'><strong>succidam,</strong></span> <span class='ocrx_word' id='word_1_46' title='bbox 765 1197 880 1263; x_wconf 86' lang='lat' dir='ltr'><strong>cepas,</strong></span> <span class='ocrx_word' id='word_1_47' title='bbox 910 1173 1042 1268; x_wconf 59' lang='lat' dir='ltr'><strong>galbas·</strong></span> 
     </span>
     <span class='ocr_line' id='line_1_9' title="bbox 92 1300 1024 1391; baseline -0.003 -18"><span class='ocrx_word' id='word_1_48' title='bbox 92 1325 213 1391; x_wconf 87' lang='lat' dir='ltr'><strong>num,</strong></span> <span class='ocrx_word' id='word_1_49' title='bbox 243 1307 280 1376; x_wconf 72' lang='grc' dir='ltr'><strong>δε</strong></span> <span class='ocrx_word' id='word_1_50' title='bbox 304 1300 425 1371; x_wconf 77' lang='lat' dir='ltr'>similia</span> <span class='ocrx_word' id='word_1_51' title='bbox 447 1320 552 1371; x_wconf 84' lang='lat' dir='ltr'><strong>tetros</strong></span> <span class='ocrx_word' id='word_1_52' title='bbox 575 1303 693 1371; x_wconf 88' lang='lat' dir='ltr'><strong>odores</strong></span> <span class='ocrx_word' id='word_1_53' title='bbox 717 1303 885 1371; x_wconf 78' lang='lat' dir='ltr'><strong>vomentia</strong></span> <span class='ocrx_word' id='word_1_54' title='bbox 909 1305 1024 1372; x_wconf 58' lang='lat' dir='ltr'><strong>incena</strong></span> 
     </span>
     <span class='ocr_line' id='line_1_10' title="bbox 92 1399 1024 1516; baseline -0.004 -19"><span class='ocrx_word' id='word_1_55' title='bbox 92 1428 207 1515; x_wconf 82' lang='lat' dir='ltr'><strong>dere,</strong></span> <span class='ocrx_word' id='word_1_56' title='bbox 233 1429 445 1516; x_wconf 87' lang='lat' dir='ltr'><strong>evocatisque</strong></span> <span class='ocrx_word' id='word_1_57' title='bbox 461 1399 735 1503; x_wconf 80' lang='lat' dir='ltr'><strong>sternutamentis</strong></span> <span class='ocrx_word' id='word_1_58' title='bbox 756 1426 926 1498; x_wconf 85' lang='lat' dir='ltr'><strong>cerebrum</strong></span> <span class='ocrx_word' id='word_1_59' title='bbox 942 1432 1024 1508; x_wconf 58' lang='lat' dir='ltr'><strong>coni</strong></span> 
     </span>
     <span class='ocr_line' id='line_1_11' title="bbox 92 1549 1024 1645; baseline -0.002 -24"><span class='ocrx_word' id='word_1_60' title='bbox 92 1549 226 1622; x_wconf 82' lang='lat' dir='ltr'><strong>cutere·</strong></span> <span class='ocrx_word' id='word_1_61' title='bbox 245 1555 375 1624; x_wconf 88' lang='lat' dir='ltr'><strong>Medici</strong></span> <span class='ocrx_word' id='word_1_62' title='bbox 398 1553 544 1645; x_wconf 76' lang='lat' dir='ltr'><strong>iubent,</strong></span> <span class='ocrx_word' id='word_1_63' title='bbox 572 1558 644 1644; x_wconf 90' lang='lat' dir='ltr'><strong>sic,</strong></span> <span class='ocrx_word' id='word_1_64' title='bbox 668 1555 812 1625; x_wconf 87' lang='lat' dir='ltr'><strong>admotis</strong></span> <span class='ocrx_word' id='word_1_65' title='bbox 834 1554 1024 1638; x_wconf 74' lang='lat' dir='ltr'><strong>satyrarum</strong></span> 
     </span>
     <span class='ocr_line' id='line_1_12' title="bbox 91 1673 1027 1763; baseline -0.009 -17"><span class='ocrx_word' id='word_1_66' title='bbox 91 1678 256 1763; x_wconf 80' lang='lat' dir='ltr'><strong>facibus,</strong></span> <span class='ocrx_word' id='word_1_67' title='bbox 279 1679 401 1745; x_wconf 86' lang='lat' dir='ltr'><strong>foetida</strong></span> <span class='ocrx_word' id='word_1_68' title='bbox 425 1697 606 1761; x_wconf 81' lang='lat' dir='ltr'><strong>ganearum</strong></span> <span class='ocrx_word' id='word_1_69' title='bbox 629 1677 803 1759; x_wconf 80' lang='lat' dir='ltr'><strong>gurgustia</strong></span> <span class='ocrx_word' id='word_1_70' title='bbox 827 1673 1027 1739; x_wconf 86' lang='lat' dir='ltr'><strong>&amp;obscoena</strong></span> 
     </span>
     <span class='ocr_line' id='line_1_13' title="bbox 94 1771 1068 1891; baseline -0.008 -21"><span class='ocrx_word' id='word_1_71' title='bbox 94 1796 367 1891; x_wconf 82' lang='lat' dir='ltr'><strong>prostibulorum</strong></span> <span class='ocrx_word' id='word_1_72' title='bbox 390 1794 558 1882; x_wconf 82' lang='lat' dir='ltr'><strong>lupanaria</strong></span> <span class='ocrx_word' id='word_1_73' title='bbox 582 1793 736 1883; x_wconf 80' lang='lat' dir='ltr'><strong>accendi,</strong></span> <span class='ocrx_word' id='word_1_74' title='bbox 761 1793 937 1883; x_wconf 68' lang='lat' dir='ltr'><strong>nouosque</strong></span> <span class='ocrx_word' id='word_1_75' title='bbox 954 1771 1068 1864; x_wconf 51' lang='lat' dir='ltr'><strong>Nea*</strong></span> 
     </span>
     <span class='ocr_line' id='line_1_14' title="bbox 98 1899 1027 2020; baseline -0.009 -22"><span class='ocrx_word' id='word_1_76' title='bbox 98 1927 275 2020; x_wconf 86' lang='lat' dir='ltr'><strong>ronianas</strong></span> <span class='ocrx_word' id='word_1_77' title='bbox 289 1922 440 1992; x_wconf 87' lang='lat' dir='ltr'><strong>illustrari</strong></span> <span class='ocrx_word' id='word_1_78' title='bbox 464 1899 600 2011; x_wconf 76' lang='lat' dir='ltr'><strong>profuit,</strong></span> <span class='ocrx_word' id='word_1_79' title='bbox 624 1939 664 1990; x_wconf 92' lang='lat' dir='ltr'><strong>ut</strong></span> <span class='ocrx_word' id='word_1_80' title='bbox 678 1920 756 1991; x_wconf 87' lang='lat' dir='ltr'><strong>inde</strong></span> <span class='ocrx_word' id='word_1_81' title='bbox 772 1922 920 1991; x_wconf 80' lang='lat' dir='ltr'><strong>excitata</strong></span> <span class='ocrx_word' id='word_1_82' title='bbox 934 1938 1027 2009; x_wconf 65' lang='lat' dir='ltr'><strong>sputa</strong></span> 
     </span>
     <span class='ocr_line' id='line_1_15' title="bbox 97 2023 1027 2136; baseline -0.008 -13"><span class='ocrx_word' id='word_1_83' title='bbox 97 2054 207 2123; x_wconf 90' lang='lat' dir='ltr'><strong>cities</strong></span> <span class='ocrx_word' id='word_1_84' title='bbox 229 2023 323 2119; x_wconf 84' lang='lat' dir='ltr'><strong>nares</strong></span> <span class='ocrx_word' id='word_1_85' title='bbox 338 2044 551 2121; x_wconf 85' lang='lat' dir='ltr'><strong>&amp;cerebrum</strong></span> <span class='ocrx_word' id='word_1_86' title='bbox 574 2047 704 2135; x_wconf 84' lang='lat' dir='ltr'><strong>feriret,</strong></span> <span class='ocrx_word' id='word_1_87' title='bbox 726 2069 764 2117; x_wconf 89' lang='lat' dir='ltr'><strong>ac</strong></span> <span class='ocrx_word' id='word_1_88' title='bbox 788 2068 844 2136; x_wconf 87' lang='lat' dir='ltr'><strong>per</strong></span> <span class='ocrx_word' id='word_1_89' title='bbox 859 2044 923 2119; x_wconf 87' lang='lat' dir='ltr'><strong>hoc</strong></span> <span class='ocrx_word' id='word_1_90' title='bbox 938 2046 1027 2118; x_wconf 61' lang='lat' dir='ltr'><strong>soma&#39;</strong></span> 
     </span>
     <span class='ocr_line' id='line_1_16' title="bbox 102 2168 1027 2262; baseline -0.005 -15"><span class='ocrx_word' id='word_1_91' title='bbox 102 2177 282 2259; x_wconf 82' lang='lat' dir='ltr'><strong>niculosus</strong></span> <span class='ocrx_word' id='word_1_92' title='bbox 314 2173 371 2243; x_wconf 87' lang='lat' dir='ltr'><strong>ille</strong></span> <span class='ocrx_word' id='word_1_93' title='bbox 394 2196 522 2245; x_wconf 83' lang='lat' dir='ltr'><strong>marcor</strong></span> <span class='ocrx_word' id='word_1_94' title='bbox 552 2177 613 2262; x_wconf 75' lang='lat' dir='ltr'><strong>qui</strong></span> <span class='ocrx_word' id='word_1_95' title='bbox 638 2168 868 2245; x_wconf 85' lang='lat' dir='ltr'><strong>Romanorum</strong></span> <span class='ocrx_word' id='word_1_96' title='bbox 899 2177 1027 2259; x_wconf 80' lang='lat' dir='ltr'><strong>animos</strong></span> 
     </span>
     <span class='ocr_line' id='line_1_17' title="bbox 103 2300 1027 2391; baseline -0.004 -19"><span class='ocrx_word' id='word_1_97' title='bbox 103 2317 334 2391; x_wconf 80' lang='lat' dir='ltr'><strong>oppresserat,</strong></span> <span class='ocrx_word' id='word_1_98' title='bbox 350 2300 553 2370; x_wconf 66' lang='lat' dir='ltr'><strong>uehementi</strong></span> <span class='ocrx_word' id='word_1_99' title='bbox 577 2300 834 2391; x_wconf 73' lang='lat' dir='ltr'><strong>indignatione,</strong></span> <span class='ocrx_word' id='word_1_100' title='bbox 856 2315 1027 2386; x_wconf 78' lang='lat' dir='ltr'><strong>tamquam</strong></span> 
     </span>
     <span class='ocr_line' id='line_1_18' title="bbox 105 2418 1103 2514; baseline -0.007 -19"><span class='ocrx_word' id='word_1_101' title='bbox 105 2426 650 2513; x_wconf 83' lang='lat' dir='ltr'><strong>sternutamento,discuteretur.</strong></span> <span class='ocrx_word' id='word_1_102' title='bbox 702 2425 794 2494; x_wconf 91' lang='lat' dir='ltr'><strong>Nam</strong></span> <span class='ocrx_word' id='word_1_103' title='bbox 818 2418 909 2514; x_wconf 84' lang='lat' dir='ltr'><strong>quod</strong></span> <span class='ocrx_word' id='word_1_104' title='bbox 934 2422 1026 2493; x_wconf 86' lang='lat' dir='ltr'><strong>aliud</strong></span> <span class='ocrx_word' id='word_1_105' title='bbox 1101 2434 1103 2439; x_wconf 86' lang='grc'><strong>’</strong></span> 
     </span>
     <span class='ocr_line' id='line_1_19' title="bbox 106 2526 1027 2637; baseline -0.008 -15"><span class='ocrx_word' id='word_1_106' title='bbox 106 2553 213 2622; x_wconf 80' lang='lat' dir='ltr'><strong>fuisse</strong></span> <span class='ocrx_word' id='word_1_107' title='bbox 229 2551 378 2619; x_wconf 80' lang='lat' dir='ltr'><strong>dicemus</strong></span> <span class='ocrx_word' id='word_1_108' title='bbox 400 2550 575 2621; x_wconf 83' lang='lat' dir='ltr'><strong>consilium</strong></span> <span class='ocrx_word' id='word_1_109' title='bbox 598 2526 873 2621; x_wconf 64' lang='lat' dir='ltr'><strong>saneiissimorum</strong></span> <span class='ocrx_word' id='word_1_110' title='bbox 880 2548 1027 2637; x_wconf 79' lang='lat' dir='ltr'><strong>Parrum,</strong></span> 
     </span>
     <span class='ocr_line' id='line_1_20' title="bbox 108 2672 1028 2764; baseline -0.004 -20"><span class='ocrx_word' id='word_1_111' title='bbox 108 2677 174 2764; x_wconf 92' lang='lat' dir='ltr'><strong>qui</strong></span> <span class='ocrx_word' id='word_1_112' title='bbox 200 2688 252 2741; x_wconf 91' lang='lat' dir='ltr'><strong>tot</strong></span> <span class='ocrx_word' id='word_1_113' title='bbox 274 2672 413 2742; x_wconf 85' lang='lat' dir='ltr'><strong>nefanda</strong></span> <span class='ocrx_word' id='word_1_114' title='bbox 437 2697 476 2743; x_wconf 83' lang='lat' dir='ltr'><strong>ac</strong></span> <span class='ocrx_word' id='word_1_115' title='bbox 499 2674 690 2743; x_wconf 87' lang='lat' dir='ltr'><strong>detestanda</strong></span> <span class='ocrx_word' id='word_1_116' title='bbox 713 2672 854 2742; x_wconf 83' lang='lat' dir='ltr'><strong>Poeticae</strong></span> <span class='ocrx_word' id='word_1_117' title='bbox 877 2673 1028 2741; x_wconf 84' lang='lat' dir='ltr'><strong>Theolo-</strong></span> 
     </span>
     <span class='ocr_line' id='line_1_21' title="bbox 110 2796 1027 2890; baseline -0.001 -22"><span class='ocrx_word' id='word_1_118' title='bbox 110 2804 178 2890; x_wconf 83' lang='lat' dir='ltr'><strong>giae</strong></span> <span class='ocrx_word' id='word_1_119' title='bbox 195 2799 356 2888; x_wconf 82' lang='lat' dir='ltr'><strong>mysteria</strong></span> <span class='ocrx_word' id='word_1_120' title='bbox 371 2798 480 2871; x_wconf 78' lang='lat' dir='ltr'><strong>verbis</strong></span> <span class='ocrx_word' id='word_1_121' title='bbox 492 2803 598 2871; x_wconf 87' lang='lat' dir='ltr'><strong>etiam</strong></span> <span class='ocrx_word' id='word_1_122' title='bbox 614 2796 870 2871; x_wconf 85' lang='lat' dir='ltr'><strong>obscoenissimis</strong></span> <span class='ocrx_word' id='word_1_123' title='bbox 892 2818 1027 2885; x_wconf 83' lang='lat' dir='ltr'><strong>aperue-</strong></span> 
     </span>
     <span class='ocr_line' id='line_1_22' title="bbox 114 2908 1028 3016; baseline -0.005 -22"><span class='ocrx_word' id='word_1_124' title='bbox 114 2929 222 2996; x_wconf 80' lang='lat' dir='ltr'><strong>runt?</strong></span> <span class='ocrx_word' id='word_1_125' title='bbox 257 2908 358 2994; x_wconf 83' lang='lat' dir='ltr'><strong>Certe</strong></span> <span class='ocrx_word' id='word_1_126' title='bbox 391 2946 458 2993; x_wconf 87' lang='lat' dir='ltr'><strong>non</strong></span> <span class='ocrx_word' id='word_1_127' title='bbox 483 2928 593 2994; x_wconf 83' lang='lat' dir='ltr'><strong>minus</strong></span> <span class='ocrx_word' id='word_1_128' title='bbox 616 2926 736 3013; x_wconf 88' lang='lat' dir='ltr'><strong>pudeat</strong></span> <span class='ocrx_word' id='word_1_129' title='bbox 760 2920 874 3016; x_wconf 80' lang='lat' dir='ltr'><strong>legisse</strong></span> <span class='ocrx_word' id='word_1_130' title='bbox 900 2924 1028 2991; x_wconf 78' lang='lat' dir='ltr'><strong>Naevo·</strong></span> 
     </span>
     <span class='ocr_line' id='line_1_23' title="bbox 115 3043 1029 3140; baseline -0.005 -23"><span class='ocrx_word' id='word_1_131' title='bbox 115 3050 213 3140; x_wconf 89' lang='lat' dir='ltr'><strong>lum,</strong></span> <span class='ocrx_word' id='word_1_132' title='bbox 233 3074 336 3140; x_wconf 90' lang='lat' dir='ltr'><strong>quam</strong></span> <span class='ocrx_word' id='word_1_133' title='bbox 359 3050 394 3119; x_wconf 92' lang='lat' dir='ltr'><strong>in</strong></span> <span class='ocrx_word' id='word_1_134' title='bbox 419 3052 537 3140; x_wconf 84' lang='lat' dir='ltr'><strong>quinta</strong></span> <span class='ocrx_word' id='word_1_135' title='bbox 547 3048 687 3120; x_wconf 87' lang='lat' dir='ltr'><strong>Arnobii</strong></span> <span class='ocrx_word' id='word_1_136' title='bbox 710 3050 930 3138; x_wconf 83' lang='lat' dir='ltr'><strong>disputatione</strong></span> <span class='ocrx_word' id='word_1_137' title='bbox 954 3043 1029 3132; x_wconf 87' lang='lat' dir='ltr'><strong>Ity-</strong></span> 
     </span>
     <span class='ocr_line' id='line_1_24' title="bbox 116 3172 724 3269; baseline -0.003 -23"><span class='ocrx_word' id='word_1_138' title='bbox 116 3176 303 3261; x_wconf 87' lang='lat' dir='ltr'><strong>phallorum</strong></span> <span class='ocrx_word' id='word_1_139' title='bbox 326 3173 520 3247; x_wconf 81' lang='lat' dir='ltr'><strong>Graecomm</strong></span> <span class='ocrx_word' id='word_1_140' title='bbox 544 3172 724 3269; x_wconf 84' lang='lat' dir='ltr'><strong>originem.</strong></span> 
     </span>
    </p>

    <p class='ocr_par' dir='ltr' id='par_1_4' title="bbox 119 3290 1032 3519">
     <span class='ocr_line' id='line_1_25' title="bbox 162 3290 1031 3391; baseline 0.001 -22"><span class='ocrx_word' id='word_1_141' title='bbox 162 3300 357 3391; x_wconf 87' lang='lat' dir='ltr'><strong>Plerumque</strong></span> <span class='ocrx_word' id='word_1_142' title='bbox 381 3309 496 3373; x_wconf 84' lang='lat' dir='ltr'><strong>autem</strong></span> <span class='ocrx_word' id='word_1_143' title='bbox 516 3323 600 3391; x_wconf 89' lang='lat' dir='ltr'><strong>quos</strong></span> <span class='ocrx_word' id='word_1_144' title='bbox 622 3299 664 3372; x_wconf 89' lang='lat' dir='ltr'><strong>ab</strong></span> <span class='ocrx_word' id='word_1_145' title='bbox 687 3299 783 3373; x_wconf 87' lang='lat' dir='ltr'><strong>rebus</strong></span> <span class='ocrx_word' id='word_1_146' title='bbox 806 3293 960 3383; x_wconf 83' lang='lat' dir='ltr'><strong>turpibus</strong></span> <span class='ocrx_word' id='word_1_147' title='bbox 992 3290 1031 3370; x_wconf 70' lang='lat' dir='ltr'><strong>lc</strong></span> 
     </span>
     <span class='ocr_line' id='line_1_26' title="bbox 119 3421 1032 3519; baseline -0.007 -25"><span class='ocrx_word' id='word_1_148' title='bbox 119 3422 289 3519; x_wconf 86' lang='lat' dir='ltr'><strong>flagitiosis</strong></span> <span class='ocrx_word' id='word_1_149' title='bbox 311 3449 373 3502; x_wconf 87' lang='lat' dir='ltr'><strong>nec</strong></span> <span class='ocrx_word' id='word_1_150' title='bbox 396 3425 531 3518; x_wconf 76' lang='lat' dir='ltr'><strong>premia</strong></span> <span class='ocrx_word' id='word_1_151' title='bbox 548 3428 666 3500; x_wconf 80' lang='lat' dir='ltr'><strong>virmti</strong></span> <span class='ocrx_word' id='word_1_152' title='bbox 683 3427 787 3515; x_wconf 83' lang='lat' dir='ltr'><strong>posita</strong></span> <span class='ocrx_word' id='word_1_153' title='bbox 810 3421 1032 3509; x_wconf 82' lang='lat' dir='ltr'><strong>redemerant,</strong></span> 
     </span>
    </p>
   </div>
   <div class='ocr_carea' id='block_1_3' title="bbox 0 0 1337 3934">
    <p class='ocr_par' dir='ltr' id='par_1_5' title="bbox 0 0 1337 3934">
     <span class='ocr_line' id='line_1_27' title="bbox 0 0 1337 3934; baseline 0 0"><span class='ocrx_word' id='word_1_154' title='bbox 0 0 1337 3934; x_wconf 95' lang='lat' dir='ltr'><strong> </strong></span> 
     </span>
    </p>
   </div>
  </div>
 </body>
</html>
