2634 3934
351 265 640 343 SATYRA
684 269 780 339 XIV.
899 260 901 267 χ
970 286 1028 345 ιω

96 423 288 493 Occurrunt
311 423 404 495 nubes
428 419 463 487 &
486 417 624 510 fulgura:
638 418 762 485 »solvite
784 414 891 484 funem

96 541 269 608 Frumenti
289 540 425 609 dominus
446 537 577 615 clamat,
603 534 778 624 piperisque
799 534 932 600 coemtir
1024 596 1028 613 ‚

99 655 163 725 Nil
184 656 269 725 color
291 656 340 720 hic
360 651 455 731 eseli,
477 650 521 716 nit
542 647 633 716 fascia
658 651 756 741 nigra.
772 651 921 717 minatur:

100 771 272 839 AEstivum
295 784 400 836 tonat.
423 761 553 849 Infelix,
576 765 633 833 hac
654 765 780 834 forsitan
802 769 866 859 ipsa
933 830 936 838 ,

101 887 208 957 Noae
227 887 320 954 cadet
339 880 438 949 fratris
459 884 609 967 trabibus,
630 883 782 976 fluiiuque
804 898 963 976 premetur
1025 916 1028 977 j

100 1005 270 1084 Obrutus,
293 999 328 1066 ἃ
349 1020 458 1066 zonam
479 1002 574 1085 lara,
596 1023 761 1092 morsuque
784 1002 919 1068 tenebit.

103 1120 196 1201 seu,
218 1124 301 1200 eujus
323 1116 401 1184 votis
422 1120 522 1223 modo„
536 1142 597 1186 nnn
619 1119 782 1187 suffecerat
804 1139 931 1200 aurum,

103 1236 206 1326 Quod
230 1230 355 1328 Tagus,
378 1232 413 1301 it
436 1236 528 1301 rutila
552 1236 649 1301 volvit
671 1218 823 1300 Pactolus*
832 1255 942 1317 arena,

105 1350 237 1450 lj‘rigida
258 1350 410 1419 sufficient
433 1351 572 1417 velantes
594 1350 721 1443 inguina
744 1352 838 1442 pauni
846 1376 861 1436 ,1

106 1468 312 1560 Exiguusque
332 1466 433 1550 cibuS,
454 1488 554 1536 mersa
577 1486 646 1535 rate
669 1463 831 1561 naufragus
854 1491 949 1535 assem
995 1550 998 1554 ι

107 1584 198 1652 Dum
220 1600 329 1675 rogat,
353 1582 386 1651 δε
409 1584 486 1672 pina
508 1607 540 1648 se
561 1601 747 1670 tempestate
769 1601 891 1651 tuetur.
946 1638 958 1649 κ

108 1693 226 1762 Tantis
248 1713 335 1784 parta
361 1696 466 1776 malis,
491 1716 563 1760 cura
585 1697 702 1775 majore
724 1713 871 1786 metuque

109 1813 299 1882 Servantur.
322 1809 450 1881 Mrsuun
473 1828 521 1889 est
546 1810 649 1902 magni
670 1812 806 1879 custodia
826 1833 949 1879 census:

170 1927 335 2018 Dispositis
354 1927 505 2016 pr‘aedives
526 1925 621 1994 hamis
643 1927 771 2022 vigilare
791 1926 953 1997 cohortem

110 2042 277 2114 Servorum
300 2043 390 2111 noeiu
411 2042 538 2112 Licinus
559 2045 664 2127 jubet,
685 2048 836 2113 attonitus
856 2069 913 2137 pro

109 2158 255 2243 Eleum,
277 2161 430 2252 signisque
452 2162 529 2242 suis,
552 2158 748 2253 Phrygiaque
769 2145 931 2241 columna,-

110 2272 222 2368 Atque
242 2277 356 2359 ebore,-
380 2275 415 2343 &
436 2276 498 2343 iata
520 2270 695 2342 testudines
717 2276 810 2342 Dolia
833 2274 908 2341 nudi

111 2391 185 2462 Non
208 2395 317 2461 ardent
340 2392 476 2474 Cynici:
499 2392 523 2456 si
545 2389 692 2484 fregeris,
716 2393 813 2459 altera
836 2389 890 2457 fiet

111 2504 193 2577 Cras
208 2510 313 2575 domus
321 2556 331 2590 ,
353 2526 408 2576 aut
421 2511 529 2577 eadem
541 2509 667 2597 plumbo
679 2511 838 2575 commissa
850 2506 1002 2574 manebitr

112 2625 216 2693 Sensit
230 2620 430 2705 Alexander,
452 2639 533 2689 resta
554 2640 625 2688 eum
648 2622 726 2713 vidit
747 2623 779 2687 in
803 2623 856 2689 illa

111 2739 269 2834 Magnum
292 2740 514 2821 habitatorem,
538 2754 654 2829 quanto
676 2735 796 2813 felitior
818 2738 885 2821 hic,
906 2739 959 2829 qui
987 2759 994 2775 ·

113 2854 167 2926 Nil
181 2874 329 2947 cuperet,
350 2880 441 2948 quarn
459 2856 516 2947 ¹qui
530 2872 629 2922 totum
652 2854 706 2933 sibi
729 2871 871 2945 posceret
884 2855 1009 2938 orbern,

113 2970 257 3041 Passurus
279 2972 374 3064 gestis
396 2974 543 3064 aequanda
565 2972 700 3062 pericula
715 2972 825 3039 rebus.

18 3180 20 3187 Ι
113 3086 240 3157 Nullum
254 3111 369 3156 numen
386 3088 494 3170 habes,
515 3090 541 3154 si
559 3087 599 3153 sit
613 3088 797 3178 prudentia:
820 3102 949 3167 noste,

114 3201 179 3272 Nos
194 3202 339 3288 facimus,
361 3205 516 3287 Fortuna,
532 3200 651 3271 Deam.
673 3202 825 3272 Mensura
842 3221 947 3269 tamen
961 3221 1030 3292 quz

114 3316 249 3387 Sufficiat
271 3344 394 3406 census,
416 3322 441 3386 si
464 3321 534 3412 quis
555 3342 606 3387 me
627 3321 786 3404 consulat,
808 3322 913 3387 edam:

114 3433 151 3502 In
173 3427 322 3527 quantum
336 3439 419 3525 sitis,
440 3453 534 3529 atque
549 3432 644 3504 fames
652 3486 664 3520 ,
686 3436 720 3504 ἀ
735 3433 849 3529 frigora
863 3454 1009 3529 poscunt,

1111 1544 1152 1584 ,.
