2634 3934
356 217 771 300 otssmt‘rasto.
977 192 1025 285 {a

132 390 297 471 Profedlo
320 390 415 461 enim
437 387 588 477 quisquis
603 385 667 485 erit
683 399 785 457 natus
800 378 966 470 ingenuus
989 380 1027 451 ὅ(

79 522 195 609 liber,
224 516 396 610 intelliget
412 514 544 585 duobus
560 510 734 601 postremis
747 502 895 577 versibus
910 505 1027 594 ingens

76 644 281 720 retinendae
304 641 463 713 libertatis
486 637 688 711 desiderium
711 631 914 726 significari,
938 631 1025 699 sicut

75 777 201 847 etiam
230 774 270 846 in
296 769 369 839 istis
392 768 566 841 edecima
589 779 724 858 quarta:
1023 755 1025 761 ’

376 1092 377 1099 p
677 1000 843 1089 Catilinam

107 1158 320 1242 ‚chumque
334 1153 367 1216 in
379 1149 489 1238 populo
503 1152 629 1237 ardeas,
652 1166 832 1235 quacumque
855 1143 909 1214 sub
922 1164 1003 1217 axes

108 1277 192 1344 sed
206 1278 479 1362 namurensis,
497 1279 592 1344 Bruti
607 1294 660 1342 nec
675 1272 842 1343 avunculus
856 1293 1001 1359 usquam.

134 1526 233 1600 Item
257 1527 293 1599 in
316 1529 371 1600 his
393 1526 541 1614 ejusdem
566 1550 677 1599 venae:

477 1769 660 1838 meditamen
683 1764 850 1838 habendam
872 1781 938 1854 est,

109 1897 255 1970 ⁴sorbere
278 1915 349 1969 ante
364 1895 463 1966 cibum
485 1897 563 1982 quod
573 1896 677 1967 debeat
692 1892 736 1972 ist
747 1912 841 1985 pater
855 1892 899 1973 dp
914 1901 1003 1967 Rex.

142 2150 281 2245 Regem
304 2170 495 2240 compatre
517 2154 709 2242 componit,
732 2172 772 2225 ut
787 2151 891 2225 seculi
914 2146 1026 2220 infeli-

91 2280 239 2351 citatem
262 2296 404 2371 arguat,
426 2280 511 2349 adeo
533 2280 772 2367 deplorandam
793 2298 835 2350 ut
861 2279 939 2348 vitae
957 2298 1027 2348 sore

91 2404 239 2475 insidias
269 2402 311 2474 ab
334 2404 446 2476 liberis
468 2406 537 2476 suis
568 2425 677 2493 patres
701 2425 911 2503 metuerent,
942 2425 1028 2498 quas

94 2525 183 2600 Rex
207 2531 317 2615 potius
347 2531 467 2621 aliquis
499 2532 542 2603 ab
564 2532 696 2605 civibus
718 2539 878 2623 oppressis
907 2540 1026 2610 timere

95 2653 289 2724 debuisset.
314 2655 448 2742 Nempe
471 2660 581 2727 statim
604 2677 680 2745 post
703 2661 859 2730 exailum
882 2663 1026 2753 Tarqui-

97 2783 200 2851 nium
224 2777 431 2872 Superbum‚
455 2780 560 2876 Regis
582 2807 707 2858 nomen
732 2785 937 2882 Reiprsblicae
954 2789 1025 2861 Ro-

99 2927 210 2979 manae
233 2909 476 2983 odiosissimum
506 2934 577 2983 esse
599 2915 723 3002 coepit.
764 2913 812 2983 At
835 2911 1026 3005 Cassium,
1058 2992 1063 3002 ,

100 3034 130 3099 si
153 3059 278 3124 paucos
300 3036 466 3128 excipias,
490 3038 576 3110 adeo
598 3064 686 3112 sava
701 3040 764 3110 fuit
787 3044 1031 3129 &importuna
1134 3069 1138 3075 ·

101 3155 311 3257 dominatio,
335 3182 375 3234 ut
397 3188 464 3257 prat
487 3166 556 3237 illis
578 3168 679 3239 etiarn
690 3168 895 3258 Tarquinius
918 3162 1027 3234 bonus

102 3285 216 3359 haberi
239 3293 402 3380 potuerit.
427 3294 559 3368 Tamen
582 3295 754 3386 Iuvenalis
778 3288 1025 3366 ServiumTttl-

104 3410 188 3485 lium
211 3415 375 3491 bonorum
391 3417 527 3516 Regum
551 3422 713 3504 ultimum
737 3416 934 3509 appellavit:
