2634 3934
291 546 379 640 Ergo
401 545 472 637 quid
493 541 677 634 optandum
670 540 787 628 soret,
810 544 963 639 ignorasse
984 539 1091 610 fateris

253 683 255 687 ’
291 662 453 745 Seianum.
476 658 557 728 Nam
579 662 631 752 qui
652 662 760 729 nimios
781 662 909 753 optabat
933 660 1081 739 honores,

291 778 336 845 Et
360 777 466 844 nimias
487 776 629 867 poscebat
649 799 748 868 opes:
765 799 924 845 numerosa
944 776 1095 868 parabat

291 892 431 961 Excelsae
454 892 548 958 turris
567 892 721 985 tabulata,
747 895 828 962 unde
848 893 941 961 altior
961 910 1040 959 esset

290 1007 406 1092 Casus,
431 1005 466 1078 ἀ
486 1008 624 1099 impulsae
644 1030 783 1101 praeceps
802 1009 937 1077 immane
957 1010 1069 1075 ruinae.

290 1125 424 1220 Quid
393 1124 538 1208 Crassos,
559 1124 631 1216 quid
643 1121 807 1219 Pompeios
827 1128 962 1194 evertit?
986 1123 1022 1192 dr
1037 1124 1147 1205 ilium,

291 1243 345 1309 Ad
366 1264 420 1308 sua
443 1266 495 1332 qm
486 1241 648 1310 domitos
668 1242 794 1314 deduxit
816 1242 912 1334 flagra
927 1239 1091 1333 Quirites?

289 1355 430 1423 Summus
452 1378 565 1445 nempe
584 1359 668 1423 locus
693 1362 776 1427 nulla
798 1384 859 1428 non
879 1378 949 1427 arte
968 1357 1105 1449 petitus,

290 1471 471 1565 Magnaque
495 1468 674 1539 Numinibus
696 1490 768 1539 voto
788 1476 944 1541 exaudita
953 1473 1110 1561 malignis.

297 283 356 357 ‚m
539 271 963 365 JUVENALIS

290 432 450 522 Frangere
473 447 621 520 pannosus
645 427 747 494 vacuis
768 419 886 498 AEdilis
912 423 1062 495 Ulubris?
491 15 1310 934 w

1308 1279 1310 1348 ι

292 1586 362 1657 AD
375 1609 523 1682 generum
538 1585 710 1655 Cereris
686 1609 752 1656 sme
774 1588 879 1673 caede,
901 1586 935 1656 dt
949 1586 1077 1654 vulnere
1091 1584 1193 1673 pauci

290 1703 495 1786 Descendunt
518 1689 644 1799 Reges,
666 1702 702 1773 dt
715 1704 793 1773 sicca
814 1721 916 1784 morte
940 1700 1080 1784 tyranni.

347 1819 533 1913 Eloquium}
545 1825 601 1887 aut
614 1818 726 1887 famam
735 1820 972 1903 Demosthenis,
985 1812 1211 1886 autCiceronis

289 1933 404 2023 Incipit
424 1953 551 2022 optare,
575 1931 611 1999 dc
632 1937 706 1998 totis
730 1935 971 2032 Quinquatribus
994 1947 1102 2024 optat,

288 2042 430 2136 Quisquis
451 2044 548 2111 adhuc
568 2068 630 2110 uno
651 2064 771 2136 partam
792 2052 869 2115 colit
890 2072 954 2120 asse
974 2048 1175 2133 Minervam,

287 2162 393 2255 Quem
412 2161 551 2252 sequitur
571 2178 673 2229 custos
697 2182 836 2256 angustae
860 2164 986 2233 vernula
1007 2183 1124 2253 capsae.

288 2277 421 2369 Eloquio
443 2279 496 2344 sed
519 2296 647 2368 uterque
668 2279 756 2371 perit
777 2299 903 2349 orator:
925 2299 1080 2371 utrunque

288 2394 431 2487 Largus,
453 2391 661 2460 &exundans
683 2394 770 2461 letho
791 2398 878 2464 dedit
899 2396 1016 2490 ingenii
1037 2393 1121 2461 fons.

217 2515 220 2521 ’
288 2508 419 2603 Ingenio
441 2530 545 2578 manus
563 2528 631 2595 est,
652 2507 688 2579 dt
701 2512 804 2580 cervix
818 2534 912 2581 caesa:
936 2531 1139 2601 necunquam

288 2627 444 2721 Sanguine
469 2627 621 2696 caussidici
644 2628 829 2698 maduerunt
854 2647 952 2699 rostra
967 2629 1085 2722 pusilii.

286 2743 528 2829 osortunatam
548 2762 655 2811 natam
677 2768 726 2814 me
744 2748 868 2816 consule
889 2748 1036 2816 Romam!
1090 2771 1101 2784 .

286 2853 414 2925 Antoni
438 2851 677 2952 gladios‘potuit
700 2879 901 2931 contemnere
908 2862 969 2946 ,si
987 2862 1029 2930 sic

285 2973 401 3043 Omnia
421 2973 563 3043 dixisset.
585 2969 739 3046 Ridenda
754 2999 897 3069 poemata
920 2981 1020 3062 main,

283 3090 388 3183 Quam
410 3108 444 3158 te
464 3093 636 3182 conspicua
655 3090 946 3191 dirinaxPhilippit'a
966 3091 1076 3178 famae,

284 3204 431 3276 Vulneris
451 3207 580 3300 aprima
594 3230 664 3299 quae
679 3210 831 3300 proxima.
854 3209 961 3280 sevus
982 3207 1018 3279 ἃ
1031 3212 1118 3282 iilum

282 3318 391 3389 Exitus
411 3326 544 3417 eripuit,
566 3346 658 3417 quem
681 3328 870 3396 mirabantur
885 3325 1024 3396 Athena
1085 3347 1088 3352 ⁴

281 3432 492 3526 Torrentem,
513 3441 548 3513 δι
561 3444 647 3535 pleni
668 3444 880 3516 moderantem
900 3441 996 3514 frana
1010 3444 1140 3516 theatri.
