2634 3934
284 298 366 367 “296
509 345 513 357 ,
635 278 890 352 PERSII

298 439 385 507 Sunt*
401 455 477 528 quos
489 426 718 525 Pacuviusque,
739 433 945 503 &verrucosa
966 442 1113 499 moretur
1229 452 1237 471 ·

299 549 457 643 Antiopa,
479 548 621 618 aerumnis
643 574 699 618 cos
720 548 908 621 ludificibsse
928 547 1025 616 fulta.

246 680 250 686 '
299 669 373 737 Hos
394 670 497 759 pueris
519 650 656 734 monitus
674 684 778 758 patres
800 664 961 734 infundere
983 666 1083 755 lippos

291 784 382 856 ‘Cum
397 783 515 866 videas,
529 783 702 873 quaerisne,
716 783 797 851 unde
812 784 878 851 haee
892 784 1015 873 sartago
1028 779 1175 871 loquendi

298 898 438 970 Venerit
459 898 491 965 in
513 899 654 991 linguas?
678 901 759 965 unde
781 901 861 966 istud
882 901 1032 979 dedecus,
1055 897 1163 986 inquo

228 1016 234 1022 ’
297 1011 462 1082 Trossulus
484 996 604 1081 eiultat
626 1014 681 1080 tibi
705 1037 763 1104 per
784 1016 924 1082 subsellia
946 1015 1051 1083 laevisi
1089 1054 1092 1060 -

297 1130 393 1201 Nilne
414 1132 528 1222 pudet,
548 1131 643 1220 capiti
664 1155 726 1198 non
748 1151 835 1220 posse
855 1132 992 1222 pericula
1012 1152 1089 1197 cano

298 1245 444 1330 Pellene,
473 1248 545 1339 quin
568 1247 707 1338 tepidum
729 1247 789 1313 hoc
804 1264 892 1338 optes
913 1247 1042 1315 audire?
1063 1246 1222 1312 decesseri

355 1359 492 1445 Fures,
514 1363 557 1428 ait
580 1363 691 1431 Pedio.
714 1362 826 1429 Pedius
851 1364 943 1453 quid?
965 1362 1093 1430 crimina
1117 1361 1189 1431 rasis

294 1474 405 1547 Librat
426 1478 458 1545 in
479 1477 656 1544 antithetis.
678 1477 779 1548 doilas
799 1480 931 1566 posuisse
953 1478 1065 1572 figuras

294 1592 470 1663 Laudatur.
484 1593 682 1662 bellumhoc.
695 1592 897 1681 hocbellum?
913 1617 953 1659 an
963 1591 1105 1660 Romule
1113 1596 1216 1660 ceses?

253 1690 255 1697 l
294 1708 388 1779 Men'
410 1724 533 1780 moueat
546 1714 681 1804 quippe,
702 1709 738 1778 du
753 1727 859 1778 cantet
881 1710 905 1776 si
920 1707 1105 1802 naufragus,
1120 1731 1214 1775 assem

293 1824 505 1898 Protulerim?
525 1848 630 1907 cantas
650 1838 721 1895 eum
743 1825 834 1893 fradla
856 1844 891 1892 te
911 1828 943 1902 in
969 1827 1055 1894 trabe
1072 1824 1202 1916 pidum.

292 1936 342 2007 Ex
364 1943 492 2008 humero
513 1949 638 2033 portes?
662 1940 789 2027 verum,
811 1966 867 2011 nec
891 1942 981 2012 noue·
999 1959 1143 2034 paratum

291 2052 449 2140 Plorabit,
470 2058 524 2147 qui
545 2081 596 2125 sne
618 2059 705 2125 volet
725 2061 897 2127 incurvasse
916 2061 1059 2150 querela.

349 2172 412 2242 sid
426 2175 561 2243 numeris
580 2175 673 2243 decor
686 2180 753 2258 est,
774 2173 809 2243 de
824 2175 960 2259 jundlura
975 2176 1079 2244 addita
1091 2174 1221 2247 crudis·

290 2291 447 2363 Claudere
469 2291 513 2358 sie
535 2315 654 2361 uersum
677 2292 799 2362 didicit:
821 2293 1043 2377 Berecynthius
1054 2296 1175 2381 Attin,-

288 2414 336 2477 Es
354 2413 406 2495 qni
425 2409 588 2474 insulsum
609 2407 774 2474 dicionebus
795 2411 903 2476 Neres
922 2407 1064 2498 delphin,

288 2528 342 2593 Sic
362 2540 475 2591 costam
497 2523 578 2614 longo
598 2522 796 2592 subduximus
818 2507 987 2614 Apennino.

288 2641 528 2724 sismusinum,
543 2645 644 2708 nonne
659 2640 717 2707 hoc
730 2663 905 2732 spumosum
919 2639 1078 2711 &cortice
1084 2640 1209 2736 pingui?
1312 2722 1313 2734 ,

287 2750 341 2833 Ut
362 2757 476 2823 ramale
498 2775 586 2825 uetus
607 2758 782 2850 praegrandi
803 2758 911 2826 subere
932 2758 1067 2826 eodum.
1203 2746 1211 2757 ’

286 2869 442 2963 Qidnam
458 2872 554 2965 igitur
569 2890 732 2958 tenerum,
752 2871 788 2941 dt
802 2874 870 2941 laxa
882 2876 1004 2942 cervice
1017 2873 1210 2968 legendum?

284 2984 390 3056 To'nva
404 2988 606 3057 Mimalloneis
627 2990 789 3080 implerunt
805 3013 927 3060 cornua
948 2991 1079 3074 bombis,

282 3104 473 3193 Essrnpsnsn
496 3105 591 3171 uitulo
614 3121 703 3195 capnt
725 3105 866 3174 ablatura
885 3108 1017 3196 superbo
1190 3146 1206 3195 ς

280 3223 447 3304 Bassaris,
467 3217 511 3298 dp
531 3219 647 3303 lyncem
669 3228 789 3289 Maenas
804 3222 926 3308 flexura
947 3222 1101 3305 corymbis

279 3319 583 3425 Eoioningesnina's:
607 3331 788 3427 ripasnbilis
808 3340 934 3407 adsonat
955 3337 1056 3407 Echo.

278 3447 364 3526 Haec
387 3447 497 3523 fierent
507 3503 518 3539 ,
539 3453 565 3521 si
586 3454 721 3524 testiculi
744 3476 821 3524 sena
842 3453 903 3521 ulla
926 3456 1049 3545 paterni
