2634 3934
272 285 336 331 202
460 302 468 315 ·
605 246 887 324 ΡΕῙζδῙΙΔ

272 403 410 482 Areessis
431 403 520 475 fibra:
540 404 579 473 da
600 400 761 475 fortunare
781 419 932 496 penates,

271 524 324 597 Da
339 545 452 615 pecus,
466 520 656 616 &gregibus
669 517 799 594 soetum.
820 519 915 613 Quo,
927 518 1196 612 pessimc,pallo,

272 637 342 710 Tot
357 640 413 708 tibi
427 640 544 710 cumin
559 639 689 708 flammis
703 638 838 722 junicum
850 654 976 707 omenta
989 636 1181 728 liquemt?

271 757 316 828 Et
337 776 442 825 tamen
464 755 514 824 bic
534 756 635 840 extis,
656 754 692 824 ἃ
713 757 818 847 opimo
838 755 963 824 vincere
981 750 1064 823 ferto
1086 783 1088 789 ·

270 872 431 944 Intendit:
454 876 516 954 jam
537 871 654 951 crescit
674 893 769 964 ager,
789 878 851 956 iam
871 871 982 940 crescit
1003 870 1105 954 ovile,
1217 942 1223 953 ,

133 976 137 987 ’
269 987 337 1080 Jam
357 971 496 1074 dabitur,
517 989 656 1073 jamjam:
679 988 778 1057 donec
799 989 966 1080 deceptus,
988 985 1024 1058 &
1044 1009 1153 1079 exspes

270 1102 501 1197 Necquicquam
515 1101 615 1195 ,fundo
635 1103 768 1194 suspiret
789 1125 932 1174 nummus
951 1105 984 1175 iu
1006 1105 1085 1175 imo.

329 1221 364 1290 Si
385 1224 442 1291 tibi
462 1242 597 1293 crateras
618 1221 763 1315 argenti,
787 1223 949 1313 incusaque
971 1221 1079 1315 pingui

271 1333 363 1405 Auro
383 1336 463 1406 dona
485 1336 603 1420 feram,
624 1339 732 1423 sudes,
753 1336 789 1406 δε
809 1337 933 1428 pectore
953 1312 1035 1405 laeuo

270 1448 416 1522 Excutias
437 1471 564 1547 guttas,
585 1453 687 1519 laetari
707 1453 930 1543 praetrepidum
954 1477 1025 1520 cor:

271 1568 364 1638 Hinc
384 1569 462 1640 illud
485 1569 602 1652 subiit,
622 1590 697 1636 auro
719 1590 815 1636 sacras
835 1568 918 1660 quod
938 1583 1032 1635 ovato

270 1683 420 1757 Perducis
441 1685 551 1757 facies.
580 1685 662 1756 Nam
684 1680 796 1753 fratres
816 1684 900 1752 inter
920 1704 1032 1784 ascum,¹

270 1801 398 1873 somnia
421 1803 532 1895 pituita
552 1801 605 1895 qui
626 1803 839 1895 purgatissima
861 1801 1012 1882 mittunt,

269 1916 425 2008 Praecipui
446 1936 554 2002 sunto,
576 1920 678 2008 sitque
699 1918 768 1985 illis
781 1940 873 1987 aurea
895 1917 1000 1985 barba.

327 2030 470 2115 Aurum,
492 2056 560 2100 uasa
576 2034 707 2116 Numae,
728 2034 933 2124 Saturniaque
952 2031 1078 2123 impulit
1090 2053 1174 2121 aera,

270 2146 479 2241 Vestalesque
500 2151 610 2234 urnas,
629 2145 666 2218 &
688 2146 825 2219 Tuscum
846 2147 937 2218 fiune
959 2165 1077 2216 mutat.

269 2263 305 2334 0
327 2287 431 2335 curvae
455 2268 487 2333 in
513 2267 605 2335 terris
625 2267 756 2351 anime,
775 2265 811 2337 &
831 2267 1001 2336 celestium
1022 2267 1142 2338 inanes!

269 2381 355 2475 Quid
370 2385 457 2464 juvat
469 2381 548 2463 hoc,
570 2383 696 2471 templis
709 2398 830 2449 nostros
841 2383 1012 2451 immittere
1023 2404 1148 2470 mores,

270 2497 315 2569 Et
338 2498 414 2566 bona
435 2496 493 2565 diis
514 2519 553 2566 ex
573 2496 633 2568 luae
653 2496 805 2567 scelerata
825 2498 939 2567 ducere
960 2500 1079 2593 pulpa?

269 2612 356 2683 Haec
379 2615 434 2683 sibi
455 2633 602 2706 corrupto
622 2617 733 2684 casiam
754 2615 892 2684 dissolvit
912 2615 1011 2685 olivo:

270 2728 315 2799 Et
336 2729 506 2801 Calabrum
525 2731 611 2800 coxit
632 2731 743 2801 uitiato
765 2732 1018 2802 muriceuelluse

272 2844 358 2913 Haec
379 2843 499 2919 baccam
523 2845 650 2917 conche
672 2849 797 2934 rasisse,
818 2849 853 2921 &
874 2849 1030 2942 stringere
1051 2871 1144 2920 uenas

269 2961 434 3032 Ferventis
458 2983 564 3032 masse
585 2964 680 3036 crudo
701 2965 740 3035 de
760 2966 888 3057 pulvere
907 2968 1010 3047 jussit.

269 3074 386 3151 Pectat
406 3078 442 3148 &
456 3077 544 3163 haec,
564 3099 689 3171 peccat:
711 3083 787 3151 vitio
808 3099 913 3151 tamen
934 3085 1050 3152 utitutt
1070 3100 1172 3152 attus

270 3195 396 3281 Dicite,
418 3194 597 3290 pontifices,
618 3198 652 3265 in
673 3198 776 3268 sanilo
794 3199 868 3290 quid
888 3193 965 3309 lacit
983 3204 1113 3271 aurum?

269 3312 393 3407 Nempe
408 3314 466 3385 hoc
474 3366 485 3400 ,
506 3315 588 3407 quod
603 3313 725 3386 Veneri
737 3315 859 3385 donate
871 3339 890 3383 a
904 3315 1025 3410 virgine
1039 3338 1170 3410 puppae.

269 3430 357 3523 Quin
378 3431 484 3501 damus
505 3433 537 3500 id
560 3432 697 3524 superis,
717 3431 758 3501 de
778 3455 888 3528 magna
909 3434 992 3524 quod
1013 3435 1087 3502 dare
1101 3434 1193 3503 lance
