2634 3934
286 264 351 324 218
625 242 874 321 PERSII

284 388 440 475 Possidet.
462 396 540 465 Heu
564 396 791 480 sterilesveri,
813 394 919 488 quibus
940 414 1001 463 una
1014 394 1177 489 Quiritem

286 515 426 608 Vertigo
450 511 539 586 facite
564 513 613 586 bic
626 513 728 585 Dama
751 532 797 584 est
823 536 883 583 non
904 512 1008 609 tressis
1026 534 1144 603 agaso,

287 632 417 724 Vnppa,
439 629 474 701 dr
495 631 612 722 lippus,
635 630 671 701 dc
693 633 724 701 in
747 630 834 702 tenui
854 625 1005 721 farragine
1026 628 1178 699 mendox.

286 749 434 823 verterit
457 748 536 817 hunc
558 748 713 833 dominus,
738 765 895 817 momento
917 744 1041 816 turbinis
1062 724 1133 812 exit

286 864 414 935 Marcus
427 862 547 945 Dama,
569 871 674 953 papae!
699 864 813 932 Marco
835 863 1005 954 spondente
1027 882 1145 930 recuses

286 977 430 1050 Credere
455 996 491 1049 tu
515 984 675 1051 nummos?
699 980 811 1052 Marco
833 980 886 1050 sub
907 978 1007 1062 judice
1029 977 1146 1070 polles?

287 1095 416 1168 Marcus
437 1093 530 1165 dixit:
552 1095 596 1165 ita
618 1112 685 1178 est,
707 1096 832 1188 adsigna
853 1095 968 1167 Marce
985 1094 1135 1163 tabellas.
1197 1082 1200 1085 ’

287 1210 373 1283 Haec
394 1234 478 1280 mera
502 1211 644 1301 libertas,
667 1212 725 1281 boc
750 1211 832 1279 nobis
854 1210 934 1302 pilea
957 1212 1091 1278 donant.

289 1323 343 1395 An
365 1329 521 1417 quisquam
545 1346 593 1397 est
617 1330 693 1397 nlius
715 1330 809 1412 liber,
832 1328 888 1397 nisi
910 1328 1021 1395 ducere
1045 1326 1141 1394 vitum

286 1436 351 1508 Cui
365 1442 458 1529 licet,
474 1463 508 1512 ut
522 1447 642 1509 voluit?
668 1447 762 1523 licet,
777 1462 812 1510 ut
827 1444 916 1529 volo,
931 1443 1050 1515 vivere:
1077 1464 1139 1508 non
1151 1437 1206 1507 sim

287 1555 430 1627 Liberior
453 1556 570 1629 Bruto?
592 1557 737 1623 mendose
759 1555 895 1648 colligis,
921 1557 1019 1644 inquit
1153 1538 1156 1544 ’

261 1732 264 1739 ,
288 1674 409 1745 Stoicus
431 1672 496 1756 hic,
519 1694 624 1743 aurem
646 1674 781 1741 mordaci
802 1673 883 1739 lotus
905 1688 1010 1739 aceto.

289 1790 385 1873 Hoc,
409 1784 726 1881 (reliquumaccipio)
742 1787 1208 1873 licetillud‚&,utv010,tolle.
1309 1804 1310 1807 ’

290 1904 461 1988 Vindicis„
473 1924 633 1997 postquem
655 1914 741 1975 meus
762 1922 780 1977 a
805 1924 942 1997 praetore
962 1906 1092 1988 recessi,

289 2015 358 2087 Cur
379 2018 453 2085 mibi
479 2040 539 2089 non
562 2022 675 2103 liccat,
697 2025 782 2109 jussit
804 2023 1004 2112 quodcunque
1026 2022 1206 2104 voluntas,-

221 2172 224 2179 .
289 2131 450 2226 Excepto,
477 2134 501 2201 si
523 2135 593 2227 quid
611 2134 731 2204 Masuri
755 2138 871 2207 rubrica
896 2140 1035 2208 vetavit?

285 2246 401 2323 Disce:
425 2256 476 2320 sed
499 2254 543 2323 ira
565 2253 653 2328 cadat
676 2278 768 2339 naso,
791 2274 961 2349 rugosaque
983 2276 1096 2340 mnne,

289 2366 377 2439 Dum
402 2388 521 2437 veteres
543 2373 624 2437 osias
647 2371 702 2436 tibi
724 2371 763 2439 de
785 2371 930 2458 pulmone
951 2370 1086 2437 revello.

285 2482 363 2551 Non
385 2483 526 2573 praetoris
547 2501 615 2553 erat
636 2484 736 2552 stultis
757 2484 831 2553 dare
853 2486 958 2553 tenuia
982 2508 1086 2552 rerum

253 2586 421 2681 NOfficia2
442 2613 534 2687 atque
556 2620 642 2665 usum
669 2601 783 2691 rapidae
805 2602 987 2691 permittere
1003 2604 1091 2668 vitae.

290 2713 467 2783 Sambucnm
489 2715 577 2785 citius
598 2715 696 2783 caloni
721 2718 874 2805 aptaveris
895 2717 975 2785 alto.

291 2828 362 2896 Stat
385 2847 492 2897 contra
515 2830 611 2913 ratio,
634 2828 839 2901 &secretam
861 2831 1010 2924 garritio
1032 2850 1158 2916 aurem,

291 2943 341 3014 Ne
364 2946 457 3045 licent
478 2942 579 3012 facere
602 2944 653 3033 id,
676 2949 757 3043 quod
779 2948 845 3040 quis
868 2949 986 3019 vitiabit
1009 2948 1148 3041 agendo.

291 3057 415 3131 Publica
437 3063 488 3129 lex
503 3060 679 3149 hominum,
702 3070 870 3156 naturaque
891 3066 1032 3135 continet
1051 3058 1183 3150 boesas,

291 3173 345 3246 Ut
365 3196 472 3248 tentat
493 3181 606 3251 vetitos
626 3184 743 3253 inscitia
764 3183 869 3255 debilis
881 3182 975 3253 adius.
1082 3220 1086 3227 ·

283 3292 392 3363 Diluis
414 3298 599 3387 helleborum
621 3316 709 3365 certo
730 3314 925 3393 compescere
946 3288 1055 3390 pundo

292 3405 420 3481 Nescius
441 3434 586 3486 extruens
609 3428 695 3490 vetet
716 3417 774 3494 boc
796 3434 902 3489 natura
924 3415 1088 3486 medendi.
1187 3450 1195 3457 ·
