2634 3934
399 256 715 337 SATYRA
954 283 1015 339 ηι
1135 306 1139 313 ,

84 415 150 493 Ut
169 414 313 486 Romana
334 409 416 483 soret
438 413 537 507 magis
557 413 603 481 his
619 407 769 478 ¹instrutio
791 405 955 500 magistris.

87 536 191 611 Nunc
211 530 394 624 Capitolino
410 529 514 605 ,veluti
535 529 681 633 turbante
702 525 867 612 Camillo,

88 649 244 734 Ensibus,
264 645 298 718 ἀ
319 648 440 718 mutina
461 642 549 714 Galli
566 642 677 740 fugere
696 644 822 712 relidlar

89 766 150 837 Sic
171 768 267 834 nostri
288 767 393 854 palare
413 776 503 850 tenes
520 763 684 845 dicuntur,
705 760 740 830 dt
762 761 820 853 ipsi

92 880 152 952 Ut
175 879 273 950 ferale
293 881 362 947 snos
383 903 463 948 onus
483 879 655 972 exstirpare
678 862 826 946 libellose

86 982 424 1093 *ErgotNumantinum
445 988 638 1090 Libycusque
660 997 776 1064 erravit
799 995 831 1059 in
853 993 912 1058 isto

91 1113 221 1205 Scipio,
242 1112 295 1205 qui
317 1111 441 1182 Rhodio
461 1115 561 1183 erevit
583 1110 738 1182 formante
760 1112 928 1209 magistro,

92 1228 219 1313 Cetera
239 1227 343 1299 &illa
364 1255 470 1298 manus
492 1230 575 1297 bel-lo
596 1226 725 1325 secunda
747 1228 903 1309 secundo,

92 1345 186 1436 Qos
205 1347 289 1413 inter
307 1344 411 1413 Prisci
432 1344 586 1415 sententia
607 1347 656 1413 dia
678 1344 810 1415 Catonis
852 1430 854 1433 ι
878 1342 899 1370 ·“
923 1401 925 1405 ,

97 1461 188 1531 Scire
201 1459 286 1528 ‘adeo
308 1463 411 1555 magni
432 1448 572 1546 fecisset,
595 1456 905 1531 utrumnesecundis

96 1573 155 1646 An
179 1576 275 1668 magis
296 1577 429 1646 adversis
450 1590 547 1645 staret
570 1577 712 1664 Romana
733 1579 892 1668 propago?

99 1689 228 1759 Scilicet
250 1688 398 1757 adversis.
411 1689 501 1759 Nam
523 1713 617 1780 quum
638 1689 798 1759 defendier
814 1673 910 1763 ¹armis

100 1805 220 1876 Suadet
242 1826 328 1872 amor
349 1806 479 1897 patriae,
500 1804 676 1897 &captiva
697 1806 859 1897 penatibus
879 1824 990 1872 uxort.

100 1904 282 2004 Convenit,
305 1939 340 1988 ut
354 1923 472 2013 vespis,
493 1946 622 2014 quarum
643 1920 751 1991 domus
773 1945 845 1990 arce
858 1918 1023 2006 Monetae,

101 2035 210 2106 Turba
232 2036 337 2133 rigens
358 2038 467 2106 stridis
488 2062 545 2130 per
565 2040 649 2109 lutea
670 2058 801 2131 corpora
819 2037 904 2108 telis.
935 2042 941 2059 '

102 2155 166 2223 Ast
187 2154 239 2221 ubi
259 2177 333 2245 apes
352 2176 458 2228 secura
479 2156 580 2239 redit,
604 2157 700 2223 oblita
720 2154 861 2222 favorum

102 2268 216 2355 Plebs,
237 2287 400 2362 materque
426 2294 486 2341 una
507 2293 614 2363 somno
635 2268 808 2339 moriuntur
830 2268 938 2335 obeso.

103 2383 339 2457 Romulidarum
360 2388 457 2484 igitur
480 2391 572 2483 longa
588 2386 629 2457 ’δι
643 2380 764 2483 gravio,
785 2385 1024 2479 exitium,.pax.

162 2499 239 2569 Hoc
259 2499 370 2569 fabella
391 2506 482 2571 modo
502 2526 626 2594 pausam
640 2503 731 2574 facit.
755 2502 887 2593 Optima
900 2503 1026 2591 posthac

106 2615 200 2687 Musa
222 2609 479 2704 velim'moneas,
500 2619 567 2688 sine
587 2643 646 2710 qua
666 2619 849 2687 mihi'nulla
864 2618 1004 2710 voluptas

43 2778 45 2783 ·
106 2732 248 2817 Vivere,
269 2733 320 2802 uti·
338 2735 491 2826 quondam
505 2732 612 2817 Lydus
635 2736 709 2805 dum
733 2734 863 2816 Smyrna
885 2736 1027 2825 peribat,

106 2848 197 2920 Nunc
217 2847 326 2918 itidem
348 2852 481 2944 migrare
503 2852 619 2920 velint.
644 2853 711 2925 Vel
733 2834 867 2942 denique
887 2851 1025 2940 quidvis,

108 2961 159 3035 Ut
179 2965 257 3049 dea,
279 2987 384 3057 quaere
404 2966 503 3034 aliud.
532 2965 672 3035 Tantum
695 2967 838 3037 Romana
860 2965 981 3037 Caleno

109 3078 251 3166 Moenia,
272 3082 418 3166 iucundos
439 3082 617 3174 pariterque
637 3102 745 3153 averte
767 3084 909 3154 Sabinos.

108 3196 191 3266 Haee
212 3221 288 3293 ego.
311 3194 397 3268 Tum
422 3199 526 3291 paucis
547 3192 676 3268 deame
697 3197 853 3295 dignarier
873 3192 959 3267 infit:

110 3310 193 3381 Pone
214 3333 317 3383 metus
337 3338 459 3410 aequos,
480 3317 594 3385 cultrix
613 3340 699 3386 mea.
720 3317 846 3386 Summa
869 3335 1006 3398 tyranno

22 3422 27 3433 ’
111 3426 193 3504 Haec
218 3429 335 3504 instant
357 3433 445 3521 odia,
467 3432 629 3510 &nostro
651 3433 810 3528 periturus
833 3433 953 3508 honore
966 3449 1026 3503 est.
