2634 3934
332 253 427 328 'SA
449 256 481 326 T
502 258 536 327 Y
559 256 593 326 R
614 251 649 326 A
693 255 787 329 Xlll·
966 280 1024 329 149

93 407 191 479 Tam
205 405 335 476 facile&
341 433 472 500 pronum
487 426 534 477 est
550 429 676 497 superos
689 418 891 473 contemnere
907 403 1026 487 testeis,

94 527 141 598 Si
162 525 300 594 mortalis
320 526 404 594 idem
426 548 519 593 nemo
541 524 631 590 sciat!
654 518 810 612 Adspice,
834 534 948 610 quanta

96 644 197 715 Voce
220 661 334 736 neget,
356 643 490 733 quaesit
510 638 569 706 fieti
590 639 762 707 constantia
782 638 905 706 vultus?

95 759 168 830 Per
189 760 259 826 solis
282 758 401 839 radios,
423 754 620 848 Tarpeiaque
637 754 768 824 fulmina
789 760 890 838 jurat,
1018 826 1028 847 ,-

95 875 152 946 Et
172 875 290 943 Martis
313 871 479 957 frameam,
502 870 536 941 dt
557 870 692 943 Cirrhaei
713 874 827 966 spicula
850 872 945 939 varis.
1019 894 1022 902 ¹

95 991 171 1062 Per
190 992 324 1060 calamos
344 991 506 1059 venatricis
526 990 763 1083 pharetramque
778 988 911 1080 puellae,
950 994 954 1002 “

95 1108 232 1198 Perque
253 1124 360 1192 tuum,
382 1127 474 1199 pater
486 1105 599 1204 AEgaei
620 1109 789 1201 Neptune,
811 1103 995 1171 tridentem:

98 1221 209 1293 Addit
229 1222 265 1291 dt
279 1224 457 1294 Herculeos
477 1248 589 1307 arcus,
611 1224 791 1315 hastamque
813 1219 992 1302 Minervae,

99 1341 266 1434 Quidquid
288 1340 401 1408 habent
422 1341 557 1408 telorum
579 1339 813 1408 armamentaria
833 1340 924 1408 coeli.
963 1364 966 1367 ·

99 1458 142 1525 Si
156 1479 230 1526 vero
245 1454 279 1526 dt
291 1472 383 1549 pater
395 1476 458 1525 est:
479 1460 638 1528 comedam
647 1510 662 1543 ,r
680 1459 798 1550 inquit,
821 1455 923 1523 flebile
938 1453 1026 1545 gnati

100 1573 248 1665 Sinciput
269 1576 363 1659 eliui,
385 1573 559 1664 Pharioque
580 1577 731 1643 madentis
752 1590 858 1643 aceto.

164 1689 265 1769 Sunt,
285 1690 318 1751 in
340 1686 476 1752 fortunae
497 1688 552 1777 qui
573 1687 688 1752 casibus
711 1687 813 1750 omnia
833 1697 969 1772 ponant,

101 1802 152 1873 Et
175 1792 264 1868 nullo
284 1799 413 1871 credant
435 1801 582 1871 mundum
604 1802 725 1871 teliore
746 1800 883 1881 moveri,

105 1921 230 1990 Natura
252 1918 400 1988 volvente
422 1920 503 1988 vices
524 1919 559 1989 δε
580 1921 678 2007 lucis,
702 1919 737 1988 dt
758 1919 861 2011 anni,⁶

104 2035 218 2125 Atque
238 2035 308 2103 ideo
332 2036 478 2129 intrepidi
499 2061 691 2132 quacunque
715 2037 821 2107 altaria
847 2049 997 2127 tangunt.

104 2151 167 2221 Est
187 2152 263 2220 alius
287 2171 445 2238 metuens,
467 2180 506 2223 ne
527 2159 645 2225 crimen
668 2181 762 2249 poena
781 2167 940 2243 sequatur:

104 2268 177 2339 Hic
198 2286 289 2360 putat
303 2290 367 2337 esse
382 2270 487 2354 Deos,
510 2271 544 2338 dt
558 2275 697 2363 pejerat,
718 2288 812 2360 atque
828 2268 873 2333 ita
885 2284 1004 2332 secum:
1080 2340 1083 2349 ,

104 2386 289 2470 Decernat,
310 2388 525 2480 quodcumque
547 2389 632 2456 volet
653 2388 693 2456 de
715 2407 844 2478 corpore
865 2398 971 2450 nostro

106 2501 185 2582 Isis,
208 2500 243 2568 dt
269 2502 348 2568 irato
369 2502 460 2571 feriat
479 2529 550 2573 mea
570 2506 686 2572 lumina
707 2506 813 2585 sistro,
922 2534 925 2541 ·

106 2616 289 2687 Dummodo
303 2618 353 2684 vel
364 2641 467 2686 coecus
476 2635 619 2701 teneam,
633 2640 709 2709 quos
721 2620 859 2708 abnego,
872 2634 1026 2711 nurmnos:

109 2732 153 2802 Et
167 2730 313 2825 phthisis,
338 2730 374 2801 dt
387 2735 515 2803 vomicae
528 2751 654 2828 putres,
675 2734 710 2805 dt
724 2734 882 2803 dimidium
894 2755 962 2800 crus

109 2849 190 2918 Sunt
212 2849 450 2943 tanti?.pauper
470 2854 660 2944 locupletem
682 2869 790 2945 optare
811 2850 976 2944 podagram

110 2965 178 3036 Nec
200 2966 331 3055 dubitet
342 2966 463 3053 Ladas,
484 2971 509 3035 si
531 2993 595 3037 non
617 2986 692 3063 eget
707 2965 877 3053 Anticyra,
899 2989 958 3035 nec

110 3079 417 3178 Archigerre.'Quid
440 3088 525 3165 enim
545 3087 658 3157 velocis
678 3089 776 3180 gloria
799 3088 914 3179 plantae

111 3197 320 3285 Praestat‚:&
334 3202 476 3269 'esuriens
498 3202 607 3271 Pisaeae
628 3228 728 3273 ramus
753 3204 866 3272 olive?

113 3311 167 3382 Ut
189 3315 228 3379 sit
249 3338 379 3410 magna,
402 3338 508 3387 tamen
530 3338 618 3390 certe
640 3318 950 3393 trnrairaDeorurn
965 3345 1030 3396 est.

112 3429 147 3498 Si
167 3447 276 3501 curant
297 3434 391 3526 igitur
413 3436 534 3511 cundlos
556 3439 666 3530 punire
688 3434 865 3520 nocenteis‚

671 3551 703 3619 K
728 3579 741 3632 3
