2634 3934
355 272 645 355 SATYRA
687 277 781 354 XIII.
905 314 1075 389 1¹4⁷!

110 423 185 500 Hos
204 451 326 523 quoque
347 430 471 519 felices,
499 431 552 526 qui
572 434 657 505 ferre
677 428 869 504 incommoda
891 438 983 524 vitae,

109 548 181 618 Nec
201 547 312 630 jaiiare
333 555 442 644 jugum
464 546 528 619 vita
549 553 685 621 didicere
706 556 869 646 magistra.
943 572 945 575 ·

107 656 191 756 Quae
214 676 278 736 tam
300 653 378 735 festa
399 662 482 753 dies,
504 680 547 763 ut·
561 680 661 737 cenet
681 664 813 761 prodere
833 668 954 753 furem,

108 772 292 869 Perfidiam,
313 780 456 866 fraudes,
477 794 571 875 atque
592 780 676 855 omni
697 810 736 853 ex
756 782 883 857 crimine
905 791 1027 870 lucrum

105 898 303 990 Quaesitum,
325 897 359 966 dt
374 910 479 989 partos
492 902 612 995 gladio,
634 897 686 972 vei
707 907 819 995 pyxide
841 908 1003 974 nummos?

106 1012 193 1081 Rru
209 1008 323 1104 quippe
337 1017 430 1084 bonit
451 1005 594 1088 numerus
608 1017 659 1090 'vix
674 1032 723 1088 est
736 1022 889 1103 totidem,
910 1031 987 1112 quot

106 1121 287 1195 Thebarum
307 1148 425 1223 porta,
447 1134 497 1205 vel
520 1133 625 1206 divitis
643 1135 720 1206 ostia
741 1134 824 1207 Nili.

72 1270 78 1279 “
105 1245 198 1315 Nona
219 1263 296 1313 aetas
316 1249 439 1344 agitur,
461 1249 630 1343 pejoraque
649 1256 751 1321 secula
775 1248 852 1323 ferri
905 1282 931 1297 ¹·

105 1358 330 1453 Temporibust
353 1384 481 1456 quorum
503 1368 614 1438 sceleri
635 1395 697 1437 non
711 1366 830 1443 invenit
845 1370 908 1462 ipsa

106 1476 251 1561 Nomen,
273 1473 309 1548 dt
329 1464 347 1550 a
370 1485 456 1550 nulio
481 1484 589 1577 posuit·
602 1506 711 1557 natura
733 1489 878 1559 metallo.
970 1552 972 1555 ,
1020 1502 1024 1507 ’
1077 1488 1079 1491 ’

103 1592 171 1662 Nos
190 1596 347 1667 hominum
361 1595 538 1688 Divumque
559 1599 664 1670 fidem·
675 1602 811 1671 clamore
830 1599 965 1683 ciemus,
1019 1616 1023 1629 ¹

102 1706 233 1797 Quanto
254 1710 416 1777 Faesidium
439 1706 544 1779 laudat
566 1710 677 1783 vocalis
697 1733 844 1809 agentem

103 1818 270 1913 Sportula.
292 1823 356 1893 Dic
376 1820 478 1893 senior
498 1826 579 1897 bulla·
601 1826 792 1925 dignissime,
813 1828 930 1917 nescis,

102 1939 192 2029 Quas
213 1936 322 2008 habeat
338 1943 481 2012 Veneres
501 1940 600 2017 aliena
620 1948 770 2039 pecunia?
791 1951 907 2034 nescis,-

103 2052 211 2145 Quem
232 2068 286 2124 tua
307 2054 484 2151 simplicitas
505 2059 598 2135 risum
622 2061 716 2160 vulgo
736 2086 879 2149 moveat,
900 2086 971 2136 cum

102 2170 211 2264 Exigis
234 2192 252 2238 a
273 2194 445 2267 quoquam,
467 2203 506 2246 ne
527 2186 663 2271 peieret:
686 2184 721 2252 dt
742 2202 834 2274 putet
858 2184 927 2249 ullis

101 2286 180 2356 Esse
200 2286 323 2380 aiiq‘uod
347 2317 461 2361 numen
482 2294 626 2387 templis,
647 2316 770 2390 araeq'ue
790 2292 932 2367 rubenti?

101 2400 268 2495 Qrondam
284 2402 343 2476 hoc
357 2408 511 2506 indigen'ae
523 2411 668 2509 vivebant
682 2433 787 2499 more,
810 2412 1000 2508 priusquam

101 2516 247 2588 Sumeret
267 2539 422 2613 agrestem
443 2526 545 2619 posite
565 2526 738 2600 diademate
759 2524 869 2603 falcem

103 2634 254 2705 Saturnus
267 2636 411 2729 ,fugiens3
433 2655 527 2725 tunc,
550 2658 622 2711 cum
646 2642 825 2739 virguncula
848 2649 952 2735 Iuno,

103 2751 159 2819 Et
169 2756 305 2843 privatus
329 2752 427 2825 adhuc
446 2757 537 2827 Idaeis
556 2758 680 2852 Jupiter
699 2764 810 2832 antris.

103 2866 198 2936 Nulla
219 2892 310 2961 super
330 2874 424 2941 nubes
443 2872 581 2946 convivia
602 2877 845 2966 Coelicolarum,

102 2980 172 3053 Nec
192 3006 271 3075 puer
292 2989 420 3074 Iliacus,
442 2992 572 3062 formosa
594 3019 653 3064 nec
675 2996 825 3068 Herculis
847 3018 924 3070 uxor

102 3092 158 3167 Ad
176 3094 327 3190 cyathos,
348 3110 441 3176 etiam
463 3106 575 3181 siccato
597 3114 718 3187 nedare
740 3128 866 3212 tergens

103 3214 231 3287 Brachia
253 3223 410 3295 Volcanus
429 3222 570 3322 Liparaea
592 3235 681 3328 nigra
701 3236 844 3303 taberna,

104 3328 278 3404 Prandebat
299 3340 354 3410 ribi
377 3344 503 3438 quisque
524 3347 631 3434 Deus,
651 3374 711 3419 nec
733 3354 822 3425 turba
843 3342 985 3418 Deorum

103 3445 209 3534 Talis,
233 3468 267 3519 nt
289 3474 336 3525 est
358 3461 466 3549 hodie,
490 3483 697 3558 contentaque
719 3468 817 3537 sidera
839 3464 939 3560 paucis

421 3590 425 3597 '
655 3582 687 3649 K
712 3613 728 3650 2
