2634 3934
302 283 384 349 irre
484 273 549 347 ns
573 269 766 347 samm
790 268 1057 364 Juvnnnnrs

298 441 419 526 sisset,
443 437 502 525 qui
524 434 643 504 eadem
652 435 772 521 Satyra
796 433 960 522 quidquid
975 453 1046 502 esse
1070 429 1255 505 telorum

299 562 408 633 Poeta
447 562 484 629 in
515 557 708 629 coelestibus
745 559 1005 630 armamentariis
1036 556 1253 643 repositum

300 687 457 780 fingunt,
483 707 542 772 pro
566 684 673 756 nihilo
697 686 819 754 ducit?
852 687 933 755 Hoc
955 683 1046 752 enim
1070 682 1143 771 agit
1173 683 1252 754 his

302 809 448 884 versibus
463 809 617 881 familiari
632 809 698 881 sibi
712 809 976 881 dissimulatione
994 808 1029 878 &
1042 804 1177 906 κρύψω
1187 863 1201 883 .

891 1072 995 1157 Aspice
1019 1071 1132 1152 quanta
1204 1091 1208 1137 t

326 1178 398 1258 t'aia
421 1205 529 1276 neget,
554 1211 621 1277 qua
644 1197 684 1260 rit
700 1190 762 1282 fiat
783 1188 944 1260 constantia
967 1192 1090 1263 vuitus.

327 1317 387 1384 Pte
411 1306 850 1408 satis'raatas‚''rarpejaque
869 1318 1004 1407 fulmina
1017 1319 1128 1409 jurat,

327 1446 369 1508 Et
386 1445 497 1509 Martis
515 1442 691 1530 frameam,
715 1441 757 1518 im
772 1439 905 1521 Cirrbai
926 1445 1043 1531 spicula
1067 1451 1173 1518 varias

327 1571 387 1635 Per
411 1567 540 1635 calama
561 1572 725 1637 venatricis
744 1564 983 1659 pharetramque
1002 1573 1136 1660 puelia,

329 1694 443 1778 Perque
467 1710 574 1781 tuum,
594 1712 688 1784 pater
713 1697 811 1783 AEgti-
829 1694 990 1786 Neptune,
1015 1699 1174 1766 tridentem
1181 1725 1193 1788 ;

329 1818 423 1885 Addit
444 1813 488 1891 o»
511 1820 670 1897 Herculeos
694 1844 801 1907 arcus,
825 1819 1000 1909 hastamque
1024 1827 1192 1911 Minerva,

329 1934 490 2026 ,Quidquid
511 1935 620 2005 babeat
642 1940 769 2008 telorum
793 1942 1028 2013 armamentaria
1052 1950 1146 2018 Caii.

351 2188 436 2285 Qrae
451 2190 565 2265 omnia
588 2190 636 2260 sic
661 2176 849 2279 accipienda
863 2210 941 2266 sunt
959 2208 1134 2286 tamquam
1149 2220 1228 2286 pro-

305 2290 392 2388 festa
416 2315 457 2386 ab
481 2315 590 2406 rigido
614 2318 765 2385 veritatis
788 2319 938 2406 cultore,
971 2322 1030 2404 qui
1055 2321 1226 2394 Naturam

306 2443 428 2508 ducem
452 2446 609 2526 secutus,
635 2438 806 2510 Virtutem
830 2464 888 2530 pro
912 2464 1044 2510 summo
1069 2441 1222 2515 Numine

306 2561 468 2654 habebat,
491 2563 607 2634 liscum
630 2569 666 2639 δι
682 2567 878 2654 imposturas
893 2563 1127 2637 detestabatur.
1152 2571 1221 2640 Da·

307 2710 358 2757 res
381 2689 434 2758 illi
456 2690 563 2764 aliurn
578 2692 717 2780 ducem,
742 2694 837 2763 illurn
860 2695 984 2764 scilicet
1009 2685 1220 2763 veritatisau-

306 2811 453 2902 uorem,
477 2818 645 2904 ipsiusque
671 2816 812 2887 Naturae
835 2818 1032 2909 dominum,
1064 2820 1220 2890 coelestis-

307 2940 384 3010 simi
409 2940 474 3008 viri
497 2933 678 3027 perfettam-
704 2944 884 3036 imaginem
908 2944 1127 3016 absolvisset.
1173 2943 1218 3013 At

307 3064 429 3134 scelera
460 3069 627 3152 perpetuis
661 3068 802 3138 tenebris
835 3070 1019 3139 damnanda
1050 3068 1155 3154 prodit
1183 3070 1217 3139 ἃ

266 3272 268 3277 ,
305 3191 467 3281 exponit,
491 3212 530 3260 ac
555 3194 696 3280 pessimo
721 3195 875 3282 exemplo
898 3195 1000 3282 aperit
1024 3210 1098 3278 quar
1113 3213 1215 3278 repre·-

305 3294 459 3388 uendit(
492 3315 587 3408 Qrin
619 3320 731 3408 potius
753 3323 885 3406 optimo
917 3315 1071 3401 exemplo
1103 3318 1214 3387 scelera

304 3441 352 3516 sic
376 3445 609 3540 reprehendit,
649 3465 690 3521 ut
707 3465 753 3526 ee
784 3440 885 3523 nemo
917 3466 986 3523 non
1009 3462 1213 3530 exsecuturi
