2634 3934
254 271 256 276 -
331 219 771 303 forssuurrrro.
848 174 852 183 ⁴
994 253 1027 295 «ν

91 392 161 469 nia
188 388 228 461 ab
252 391 370 461 eadem
393 386 571 459 farciminis
602 385 848 479 significatione
871 386 1027 469 iocularia

83 521 249 609 primurn
274 515 474 589 delettandae
499 511 586 601 plebi
609 508 798 601 Romane,
822 534 904 583 mox
927 514 1029 585 eitte-

89 644 144 714 ria
184 644 339 738 quosdam
369 637 538 727 carpendis
570 658 609 708 tc
640 633 857 715 describendis
880 636 1029 707 moribus

89 766 287 854 composita
319 768 454 851 Satyrus
487 747 705 853 vocitabant,
726 785 871 855 easque,
887 802 889 811 ,
904 783 946 833 ut
979 752 1029 861 ait

90 888 248 980 Livius,
273 889 423 977 impietas
445 890 572 982 modis,
603 894 765 980 descripto
788 891 830 960 ad
855 888 1031 961 tibicinem
1074 944 1078 949 .

88 1034 210 1087 cantu
235 1032 396 1104 motuque
418 1021 615 1111 congruenti
638 1015 856 1108 peragebant.

147 1141 201 1210 Et
225 1141 298 1212 haec
320 1144 451 1225 iocandi
474 1144 580 1215 forma
604 1143 702 1214 nullo
715 1145 799 1214 certi
815 1140 955 1223 aiicujus
978 1160 1030 1209 ar·

89 1269 261 1360 grumenti
287 1256 355 1337 fine
377 1250 630 1357 continebatur,
664 1269 723 1337 sed
747 1284 816 1344 erat
840 1269 932 1336 varia
955 1287 1028 1335 rno-

85 1416 180 1462 .rum
212 1391 371 1484 farragine
401 1393 550 1465 conferta
574 1400 609 1469 dc
634 1395 727 1485 quasi
750 1408 887 1465 satura:
920 1395 1030 1483 cujus-

9 1586 11 1591 .
92 1517 200 1588 modi
233 1520 481 1607 scriptiunculas
513 1521 601 1609 apud
633 1544 696 1591 nos
726 1524 910 1592 etiamnum
933 1518 1032 1587 variis

89 1642 290 1729 opprobriis
304 1643 484 1713 inferciunt
500 1645 670 1713 vernaculi
678 1644 838 1728 artifices,
862 1666 948 1727 quos
956 1642 1033 1707 vul·
1062 1701 1067 1710 .

93 1788 152 1857 go
181 1762 317 1830 fartores
332 1779 580 1845 nuncupamus.
606 1758 792 1827 Paullatim·
808 1760 888 1826 sero
911 1759 1034 1830 excita.

24 1926 27 1933 ·
97 1891 154 1959 tis
182 1885 325 1977 ingeniis
351 1887 494 1974 vaga&
518 1902 669 1970 proterva
694 1886 887 1971 Satyrarum
911 1885 1033 1953 dicaci-

98 2034 162 2085 tas
179 2012 222 2081 ad
230 2007 414 2079 fabularum
422 2028 613 2101 argumenta
631 2011 796 2081 transferri
810 2013 933 2100 erepit,
950 2031 1033 2099 qua-

93 2160 184 2229 ⁸rum
209 2136 377 2209 austorem
392 2134 514 2204 Livius
522 2132 754 2207 Andronicum
777 2134 838 2207 sibi
859 2135 1032 2227 cognomi-

101 2286 190 2338 nem
214 2262 348 2350 laudat,
372 2283 516 2350 eumque
540 2259 581 2330 ab
597 2264 724 2349 Satyris
749 2263 794 2331 ait
819 2283 937 2331 ausum
961 2282 1032 2331 esse

107 2391 258 2477 primum
282 2406 480 2479 argumento
504 2385 649 2461 fabulam
672 2410 795 2459 serere:
819 2387 911 2457 unde
926 2385 1032 2456 mani·

108 2513 236 2586 festum
261 2513 323 2602 fit,
348 2514 469 2600 scripta
483 2534 542 2609 sua
567 2530 714 2601 veteres,
738 2511 859 2602 quibus
874 2488 1031 2603 nouerat

114 2639 326 2726 propositum
348 2635 487 2717 alicujus
510 2641 699 2743 argumenti
712 2639 909 2709 tradatione
924 2658 1031 2704 susce,

12 2774 47 2839 ·,
110 2782 170 2850 pta
204 2762 379 2861 disserere,
412 2761 468 2830 sed
492 2763 604 2851 potius
636 2764 725 2832 varia
748 2764 895 2853 carptirn*
915 2781 1034 2853 notare,
1133 2812 1137 2818 .

113 2909 151 2956 ac
177 2885 436 2975 reprehendere,
460 2884 502 2955 ab
514 2910 555 2959 ea
571 2893 729 2982 congerie
744 2890 964 2989 &saturitate
981 2890 1033 2955 in·

112 3012 277 3101 scripsisse
291 3012 444 3105 Sstytas,
462 3010 530 3103 Qui
552 3014 706 3113 deinceps
730 3017 848 3087 titulus
871 3014 969 3086 abiis
986 3010 1035 3080 fe·

115 3157 172 3229 re,
203 3139 261 3228 qui
286 3156 404 3226 pravos
426 3139 528 3219 seculi
553 3136 605 3211 sui
643 3158 752 3229 mores
775 3144 1035 3231 descripserunt,

117 3282 168 3331 est
191 3263 450 3356 frequentatus,
482 3284 522 3337 ut
548 3268 639 3357 quod
652 3268 841 3351 ,nominum
872 3265 994 3363 sceiere
1015 3290 1036 3336 a

112 3385 230 3465 ‚Poetis
256 3390 349 3462 velut
373 3386 488 3469 invitis
511 3394 596 3489 inter
618 3394 860 3490 indignationes
880 3398 918 3467 dt
934 3394 1036 3483 suspir

696 3539 756 3607 ²3
