2634 3934
393 240 690 337 saur-nn
734 244 777 314 x.
936 261 1050 339 πμ,
1136 219 1141 227 ⁸

123 396 279 467 'Heredes
299 410 386 463 vetat
407 417 472 465 esse
492 418 581 479 suos,
601 396 679 464 bona
702 412 768 464 teta
789 391 933 464 feruntur
956 455 958 458 .

84 503 87 510 ’
127 513 186 583 Ad
201 512 345 596 Phialen:
366 531 489 579 tantum
510 512 634 579 artificis
656 513 739 580 ualet
760 511 873 586 halitus
893 513 974 598 oris,
1010 603 1014 610 ι

126 631 224 723 Quod
245 644 377 697 steterat
399 627 507 694 multis
528 627 560 693 in
581 648 705 696 earcere
725 622 848 708 fornicis
865 629 972 698 annis.

129 742 185 815 Ut
207 747 331 840 vigeant
353 763 456 810 sentus
475 741 587 829 animi,
609 744 871 828 ducendarumen
891 763 965 832 sunt

125 861 248 934 Funera
271 877 453 953 gnatorum,
475 882 567 953 rogus
587 859 795 953 adspiciendus
814 879 925 932 amatas
1037 913 1040 920 ,

122 977 299 1068 Coniugis,
320 973 355 1043 bt
376 971 502 1060 fratris,
516 978 680 1068 plenaeque
701 978 854 1066 sororibus
874 999 979 1048 urnae.

122 1093 212 1159 Haec
233 1092 304 1159 data
325 1116 417 1181 poenn
437 1094 488 1160 diu
509 1094 699 1176 viventibus,
721 1112 756 1161 ut
778 1076 923 1170 renuunta

120 1207 254 1298 Semper
274 1208 361 1278 clade
381 1209 489 1276 domus
511 1212 616 1280 multis
636 1211 670 1276 in
691 1208 837 1291 lullibus,
858 1209 951 1298 inque

120 1320 281 1415 Perpetuo
302 1346 457 1407 meamne,
478 1322 514 1392 ὅ(
536 1326 623 1418 nigra
636 1340 724 1392 ueste
744 1341 918 1392 senescant.
1040 1327 1042 1336 '

119 1437 193 1507 Rex
207 1438 332 1522 Pylius,
352 1462 465 1534 magno
484 1442 512 1508 si
532 1441 696 1534 quidquam
715 1442 814 1514 credis
835 1440 998 1527 Homero,

7 1623 11 1628 ,
118 1554 306 1646 Exemplum
328 1557 400 1625 vitae
420 1553 481 1625 fuit
502 1580 520 1625 a
541 1561 665 1627 cornice
686 1562 844 1628 secundae.

117 1669 208 1736 Felix
221 1671 393 1749 maurum,
412 1670 466 1754 qui
487 1683 537 1734 tot
559 1691 616 1756 per
636 1670 738 1751 secula
761 1687 920 1751 mortem.

117 1782 271 1864 Distulit,
291 1794 384 1870 atque
405 1801 474 1847 suos
494 1783 555 1863 iarn
576 1780 687 1848 dextra
708 1798 868 1872 computat
887 1805 1001 1868 annos,

116 1898 243 1989 Qniquc
257 1917 370 1963 nouum
384 1896 477 1965 toties
490 1915 624 1967 mustum
638 1895 728 1964 bibit.
743 1898 831 1982 Oro,
843 1921 1009 1994 parumper

117 2012 292 2096 attentas,
313 2029 461 2104 quantum
482 2014 522 2082 de
542 2014 663 2112 legibus
681 2014 746 2106 ipse
766 2035 915 2107 queratur

115 2129 283 2213 Fatorum,
306 2127 448 2198 &nimio
469 2132 509 2200 de
530 2134 679 2216 stamine,
701 2155 772 2199 cum
787 2132 863 2198 vidit
884 2133 963 2199 acris

115 2243 278 2315 Antilochi
293 2245 412 2314 barbam
425 2247 603 2316 ardentem:
626 2270 697 2314 cum
712 2249 823 2337 quaerit
838 2247 876 2312 ab
890 2249 974 2316 omni
982 2297 994 2332 ,

113 2361 257 2454 Quisquis
277 2362 363 2430 adest
384 2363 499 2447 socius,
519 2387 576 2430 cur
596 2362 664 2433 bec
684 2365 717 2430 in
740 2379 879 2454 tempora
892 2361 1005 2448 duret,

112 2477 205 2568 Quod
225 2477 339 2544 facium
360 2478 486 2572 dignum
508 2480 680 2576 tauriongo
700 2478 856 2558 admiserit
876 2481 966 2547 aevo?

111 2591 196 2659 Haec
219 2591 326 2659 eadem
339 2590 471 2675 Peleus,
492 2610 613 2682 raptum
633 2616 705 2662 cum
719 2596 808 2686 luget
824 2590 1002 2681 Achillem,

111 2705 220 2800 Atque
240 2707 333 2790 abus,
354 2706 403 2774 cui
422 2705 468 2775 fas
489 2705 630 2778 Ithacum
651 2709 759 2802 lugere
779 2723 956 2782 natantem.

110 2821 259 2894 Incolumi
279 2819 379 2905 Troia
400 2821 538 2893 Priamus
561 2824 694 2896 venisset
714 2824 752 2894 ad
773 2823 892 2894 umbras

110 2935 250 3014 Assaraci
270 2939 387 3031 magnis
406 2940 594 3024 solennibus,
614 2940 754 3010 Heilnre
774 2938 866 3012 funus

108 3053 278 3142 portante,
299 3078 336 3125 ac
356 3056 483 3148 reliquis
502 3054 632 3130 fratrum
651 3058 835 3141 ceruicibus,
856 3058 941 3128 inter

108 3168 237 3240 Iliadum
258 3175 423 3259 lacrymas,
444 3190 480 3242 ut
501 3174 615 3266 primos
635 3174 730 3245 edere
749 3174 893 3267 punctus.
1009 3239 1012 3248 t

107 3283 276 3360 Cassandra
296 3294 466 3384 inciperet,
487 3292 633 3383 scissaque
650 3290 809 3374 Polyxena
826 3288 925 3378 pallas
979 3274 989 3298 ⁰
1095 3265 1108 3286 x

107 3400 140 3472 Si
162 3397 244 3472 foret
263 3408 428 3484 exstinllus
448 3409 569 3486 diverso
582 3423 743 3499 tempore,
762 3426 826 3495 quo
841 3428 902 3474 nnn
1010 3435 1014 3440 ·

444 3524 446 3526 ’
649 3521 688 3590 Η
712 3547 730 3595 4
928 3527 934 3538 '
