2634 3934
303 272 344 317 ω
543 215 973 330 Juvaurtis

298 393 343 464 Et
365 391 469 483 panis,
490 388 650 481 fumusque
672 388 775 458 dorni?
795 388 969 457 densissima
988 407 1116 461 centum

297 508 503 601 Quadranteis
524 506 631 575 ledlica
652 507 752 600 petit,
773 505 967 598 sequiturque
988 506 1135 575 maritum

297 625 478 721 Languida,
500 624 551 695 uel
574 645 757 718 praegnans,
778 622 1068 692 &circumducitur
1089 647 1197 695 uxor.

298 742 366 811 Hic
378 743 459 833 petit
471 743 605 825 absenti,
628 759 702 810 nota
723 745 785 823 jam
807 742 934 810 callidus
954 757 1040 825 arte,

296 856 475 927 Ostendens
497 881 641 939 vacuam,
664 855 700 924 dc
721 858 853 924 clausam
875 882 934 947 pro
948 862 1079 951 coniuge
1091 857 1222 926 sellam.
1295 918 1296 923 ,

296 973 391 1042 Galla
412 997 483 1045 mea
503 991 569 1056 est,
590 972 708 1064 inquit.
730 971 834 1041 Citius
856 973 997 1041 dimitte.
1018 973 1180 1047 Moraris?
1295 966 1296 1037 l

296 1083 409 1161 Proser
430 1091 523 1163 Galla
544 1106 652 1180 caput.
683 1086 756 1155 Noli
778 1110 908 1171 vexare,
928 1090 1072 1180 quiescit.

353 1204 1156 1301 uouwumumfflwouumo

178 1406 183 1433 f
295 1320 461 1411 Sportula,
482 1324 594 1393 deinde
616 1319 738 1406 lorum,
760 1323 895 1412 jurisque
916 1321 1034 1412 peritus
1055 1317 1196 1413 Apollo,
1294 1290 1296 1373 l

294 1434 405 1528 Atque
426 1436 646 1528 triumphales,
667 1440 753 1504 inter
773 1458 847 1525 quas
867 1459 955 1504 ausus
965 1437 1080 1508 habere

295 1552 407 1629 Nescio
427 1553 493 1645 quis
516 1554 624 1623 titulis
645 1540 838 1645 AEgyptius,
858 1565 952 1639 atque
975 1545 1187 1621 Arabarches:

293 1671 396 1756 Cujus
416 1672 455 1741 ad
477 1670 612 1767 effigiem
633 1695 696 1739 non
719 1686 840 1737 tantum
860 1668 976 1749 meiere
996 1663 1041 1734 fas
1061 1683 1127 1735 est.
1293 1714 1296 1757 Ι

294 1789 467 1861 Vestibulis
489 1791 603 1858 absum
625 1807 767 1870 veteres,
789 1786 916 1876 lassique
930 1781 1087 1866 clientes,
1292 1806 1295 1815 ·

174 1962 176 1969 ,
295 1896 444 1990 thaque
465 1904 643 1989 deponunt,
663 1912 836 1987 'quanquam
857 1901 1051 1991 longissima,
1072 1920 1171 1971 coeuae

294 2016 372 2105 Spes
394 2010 526 2079 homiui.
548 2011 655 2079 Caulis
677 2012 812 2107 miseris,
833 2028 927 2100 atque
948 2013 1030 2101 ignis
1050 2016 1209 2089 emendus.

294 2129 428 2221 Optima
449 2127 593 2196 silvarum
615 2127 754 2209 interea,
776 2124 939 2216 pelagique
960 2126 1077 2203 vorabit
1173 2106 1176 2111 ’

280 2246 369 2315 'Rex
391 2248 520 2329 horum,
542 2243 703 2334 vacuisque
722 2243 800 2317 toris
821 2256 941 2310 tantum
962 2240 1028 2330 ipse
1049 2244 1174 2324 jacebit,

296 2361 377 2431 Nam
398 2366 438 2430 de
460 2378 509 2430 tot
531 2358 685 2449 pulchris,
706 2357 741 2430 ἃ
762 2358 833 2424 latis
854 2357 990 2440 orbibus,
1011 2356 1047 2426 dt
1067 2376 1133 2425 tam

295 2474 463 2566 Antiquis,
484 2496 543 2542 una
563 2474 728 2542 comedunt
745 2474 933 2566 patrimonia
955 2496 1077 2541 mensa.

295 2590 406 2663 Nullus
426 2597 487 2678 jam
509 2590 657 2685 parasitus
678 2592 756 2660 erit.
779 2590 839 2659 Sed
860 2591 926 2681 quis
947 2587 1029 2661 ieret
1052 2591 1124 2661 istas

294 2698 443 2778 Luxuria:
464 2711 586 2778 sordes?
607 2729 722 2799 quauta
743 2724 790 2777 est
811 2709 901 2802 gula,
923 2731 993 2798 quae
1014 2710 1069 2781 sibi
1090 2725 1167 2777 totos

212 2882 217 2893 ,
294 2823 387 2893 Ponit
408 2847 516 2915 apros,
537 2824 648 2891 animal
670 2842 798 2915 propter
819 2825 957 2892 convivia
979 2829 1102 2893 natum!

295 2940 393 3011 Poena
415 2957 519 3007 tamen
541 2963 695 3030 praesens,
716 2964 786 3009 cunr
808 2957 843 3008 tu
864 2940 991 3033 deponis
1011 2941 1133 3010 amictus

295 3055 471 3152 Turgidus,
493 3053 677 3129 &crudum
700 3038 849 3148 pavonem
872 3058 904 3123 in
925 3059 1031 3124 balnea
1053 3071 1169 3145 portas.
1207 3118 1209 3123 .

222 3243 231 3261 ,
293 3169 383 3243 Hinc
404 3174 511 3243 subitae
531 3192 666 3256 mortes,
687 3191 779 3264 atque
800 3173 946 3255 intestata
966 3170 1116 3239 seneclus.

293 3289 326 3358 lt
348 3313 444 3375 nova,
467 3314 525 3360 nec
547 3289 644 3360 tristis
666 3312 722 3380 per
744 3289 864 3357 cundas
883 3285 982 3357 sabula
1003 3309 1123 3362 coenas:
1164 3348 1165 3351 ,

293 3405 428 3476 Ducitur
449 3409 534 3480 iratis
556 3407 760 3502 plaudendum
781 3403 868 3477 funus
888 3404 1008 3475 amitis.
