2634 3934
338 222 634 315 suu-uun
679 243 775 314 xru.
966 265 1024 315 ιω

99 398 161 469 Illi
181 395 288 466 eadem
304 394 420 462 sumtis
438 381 585 484 quaerunt
606 391 750 459 animalia
772 392 889 482 pinnis.

6 576 10 583 .
100 517 228 588 Vultur
250 516 407 607 jumento,
429 509 619 591 ottonibus,
642 509 840 598 crucibusque
864 509 993 597 reliiiis,

100 623 159 700 'Ad
181 627 277 700 soetus
300 641 467 720 properat„
489 641 672 717 partemque
692 624 847 694 cadaveris
869 626 976 695 affert.

99 747 174 816 Hic
195 764 243 814 est
262 769 339 837 ergo
361 743 445 809 cibus
467 742 571 834 magni
592 764 714 832 quoque
736 745 884 827 vulturis,
908 741 943 811 &
965 764 1022 811 se-

99 862 283 944 Pascentis‚
306 860 429 951 proprio
450 882 521 926 eum
543 862 604 942 jam
624 856 699 926 facit
720 861 828 930 arbore
851 861 952 937 nidos.
971 918 976 926 .

98 980 167 1048 Sed
181 980 321 1069 leporem
342 992 395 1042 aut
408 999 548 1068 capream
562 974 685 1045 famulae
701 975 782 1062 Jouis
790 1028 800 1059 ,
816 978 851 1046 δε
865 998 1026 1070 generosae

99 1094 143 1161 In
165 1093 246 1160 saltu
268 1111 419 1161 venantur
439 1117 525 1162 aues:
549 1095 620 1162 hinc
640 1095 745 1186 praeda
765 1095 858 1161 cubili
930 1113 932 1117 ’
1021 1086 1023 1088 ’

95 1210 254 1281 Ponitur:
284 1211 357 1278 inde
370 1229 503 1304 vnutem,
524 1234 595 1278 cum
617 1233 650 1276 se
673 1227 791 1276 matura
813 1210 924 1278 levarit

97 1327 273 1421 Progenies
295 1329 473 1393 stimulante
493 1323 593 1409 fame,
616 1322 741 1392 festinat
761 1326 799 1393 ad
820 1328 924 1412 iliam,

98 1442 362 1536 Quamprimum
383 1442 519 1534 praednm
540 1462 634 1535 rupto
654 1460 835 1538 gustaverat
854 1469 933 1519 ovo,

160 1558 351 1629 AEdificator
372 1578 440 1628 erat
461 1559 648 1657 Cerronius,
663 1561 726 1642 ἃ,
749 1563 840 1629 modo
862 1581 958 1628 curvo

95 1676 230 1746 Littore
252 1677 395 1752 Carietes,
419 1693 534 1737 summa
557 1660 637 1737 nunc
659 1670 783 1737 Tiburis
806 1694 896 1754 arce,

99 1777 194 1862 Nunc
208 1786 410 1855 Praenestinis
429 1786 461 1855 in
480 1786 635 1854 montibus
656 1787 719 1854 alta
741 1788 866 1879 parabat

101 1906 250 1978 Culmina
271 1904 433 1986 villarum,
454 1902 576 1971 Graecis
597 1904 753 1998 longeque
774 1905 882 1997 petitis

102 2021 315 2092 Marmoribus
330 2021 453 2088 vincens
466 2020 615 2089 Fortunae
636 2039 730 2113 atque
744 2022 894 2090 Herculis
908 2023 1024 2095 aedomr

103 2137 160 2208 Ut
182 2138 276 2229 spado
298 2138 439 2205 vincebat
460 2137 616 2230 Capitolia
639 2157 745 2207 nostra
765 2140 890 2206 Posides
898 2186 912 2206 .-

101 2255 189 2331 Dum
210 2255 253 2322 sic
274 2277 350 2349 ergo
373 2254 487 2320 habitat
509 2253 698 2336 Cerronius,
719 2253 873 2319 imminuit
895 2271 988 2336 rem5
1016 2248 1023 2254 '⁴

101 2371 212 2465 Fregit
234 2393 328 2465 opes,
350 2393 410 2438 noc
431 2393 524 2462 potua
547 2387 649 2439 tomen
672 2392 811 2439 mensura
832 2369 948 2437 relidae
1110 2350 1117 2355 ’

102 2487 204 2555 Partis
225 2505 308 2554 erat:
332 2505 429 2555 totam
452 2489 530 2555 hanc
553 2489 685 2556 turbavit
707 2488 785 2555 filius
806 2509 929 2571 amens,

102 2603 190 2679 Dum
213 2602 341 2667 meliore
359 2622 457 2668 novas
479 2601 598 2667 attollit
620 2625 773 2670 marmore
796 2603 899 2669 villas.
983 2626 984 2631 ¹

122 2727 141 2751 ·’
158 2718 294 2812 Quidam
316 2718 418 2783 sortiti
439 2718 633 2784 metuentem
654 2718 774 2786 sabbata
797 2736 936 2808 patrem,
1008 2734 1010 2739 “

81 2838 157 2915 'Nil
179 2852 296 2928 praeter
318 2833 430 2917 nubes,
452 2833 488 2902 ὅτ
507 2835 581 2904 ooeli
603 2857 717 2929 numen
736 2836 900 2911 odorant>-

104 2953 171 3024 uec
193 2952 306 3020 distare
324 2961 438 3042 putant
460 2952 591 3019 humano
612 2975 706 3021 carne
728 2954 864 3039 suiuam,
896 2921 901 2941 ⁶

104 3068 176 3160 Qua
198 3085 287 3160 pater
308 3067 472 3153 abstinuit,
495 3091 566 3135 mox
588 3068 623 3138 δε
645 3072 796 3163 praeputia
818 3088 955 3163 ponunt.
988 3088 992 3093 ’

104 3183 259 3254 Romanas
279 3203 383 3254 autem
403 3185 486 3253 soliti
507 3203 710 3258 contemnere
730 3190 833 3283 leges,
1009 3173 1013 3180 ¹

106 3299 260 3387 Juuaicnm
282 3304 438 3389 ediscunt,
460 3302 496 3375 ὅ(
510 3326 652 3391 seruant,
674 3330 710 3374 ao
732 3321 878 3374 metuunt
899 3309 964 3392 ius,
1020 3290 1021 3295 ἵ

108 3414 140 3483 Τ
141 3417 252 3485 radidit
274 3436 384 3489 arcano
406 3420 608 3514 quodcunque
624 3419 934 3516 ooluminoMosos,
974 3466 978 3472 ·
1014 3433 1016 3437 '

703 3539 732 3607 L
