2634 3934
277 251 317 301 40
521 213 955 307 JUVENALIS

274 370 432 454 Fabricio,
453 370 584 462 patriam
607 385 643 475 ”i
665 368 783 440 rhombi
803 389 1010 454 memoraret,
1031 368 1074 439 ὅτ
1102 391 1236 440 annos.

272 489 431 580 Quidnam
451 487 548 579 igitur
568 491 694 557 censer?
715 489 909 560 conciditur?
933 484 1025 557 Absit
1046 488 1093 556 ab
1120 490 1190 556 iilo

275 605 422 674 Dedecus
442 603 519 686 hoc,
542 603 717 672 Montanus
738 606 800 674 ait.
823 603 922 676 Testa
943 608 1006 674 alta
1029 621 1219 696 paretur„

275 721 358 813 Quae
380 721 467 789 tenui
488 742 577 789 rnuro
597 723 764 812 spatiosum
786 724 916 816 colligat
939 724 1058 791 orben.

274 837 416 906 Debetur
437 859 565 928 magnus
586 839 703 926 patinae
724 840 899 931 subitusque
920 838 1162 907 Prometheus,

275 950 453 1047 Argillam,
466 971 559 1043 atque
573 970 675 1022 rotam
688 952 779 1021 citius
793 973 975 1046 properate:
998 955 1053 1024 sed
1067 977 1114 1024 ex
1133 955 1203 1021 hoc

232 1051 235 1057 ¹
275 1066 436 1161 Tempore
457 1075 538 1153 jam,
560 1067 687 1153 Caesar,
710 1067 796 1164 figuli
817 1087 870 1137 tua
892 1091 993 1142 castra
1015 1088 1228 1163 sequantur.

273 1185 364 1255 Vicit
387 1188 479 1281 digna
501 1186 583 1259 Viro
603 1189 775 1257 sententia:
798 1205 926 1256 noverat
948 1189 1004 1258 ille
1061 1276 1063 1280 ι

271 1299 441 1369 Luxuriam
463 1304 587 1399 imperii
609 1321 771 1390 veterem,
792 1304 965 1399 noticisque
988 1304 1126 1376 Neronis

272 1413 338 1504 Jam
352 1417 486 1498 medias,
507 1418 659 1507 aliamque
681 1417 816 1501 famem,
844 1444 915 1486 cnm
936 1424 1044 1511 pulmo
1065 1420 1225 1488 Falerno

272 1530 431 1602 Arderet.
454 1534 541 1603 Nulli
562 1536 661 1617 major
682 1529 742 1600 fuit
763 1554 833 1602 usus
854 1533 966 1600 edendi
1008 1551 1016 1567 ⁸

252 1650 480 1745 Tempestate
502 1673 587 1721 mea.
609 1649 731 1721 Circeis
752 1668 826 1721 nata
844 1647 969 1735 forent,
989 1674 1029 1718 an

272 1766 445 1838 Lucrinum
467 1773 505 1838 ad
526 1792 650 1853 saxum,
672 1768 873 1863 Rutupinove
894 1770 977 1848 edita
998 1751 1093 1837 fundo

273 1884 410 1964 Ostrea,
433 1887 565 1950 callebat
586 1885 688 1970 primu
708 1855 1049 1973 deprendere-'murm

254 1997 316 2065 'Et
338 1997 435 2062 semel
456 1994 588 2085 adspedii
608 1993 698 2061 littus
720 1996 840 2066 dicebat
861 1998 980 2063 echini.

1308 2021 1309 2062 i

272 2111 439 2203 Surgitur,
460 2109 496 2180 dc
517 2111 607 2178 misso
621 2132 774 2201 ⁴[aroccrcs
795 2111 881 2179 exire
902 2113 1045 2194 jubentur
1305 2069 1309 2180 i

273 2228 443 2316 Concili03
464 2250 541 2319 quos
561 2223 715 2296 Albanam
735 2226 810 2298 Dux
831 2251 960 2322 magnus
980 2230 1012 2296 in
1033 2249 1140 2301 arcem

273 2341 429 2410 Traxerat
451 2344 618 2422 attonitos,
637 2343 676 2412 'dc
697 2340 843 2413 festinare
865 2344 1000 2430 cordos,

272 2457 435 2545 Tanquam
456 2459 496 2525 de
517 2457 622 2526 Cattis
642 2459 777 2550 aliquid,
799 2463 956 2554 torvisque
976 2463 1142 2532 Sicambriu

271 2572 436 2658 Dicturus,
458 2592 603 2668 tanquam
624 2574 660 2645 dc
682 2576 808 2647 diversis
831 2581 965 2675 partibus
987 2582 1066 2651 orbis

271 2686 376 2759 Anxia
397 2695 551 2784 praecipiti
572 2696 706 2763 venisset
728 2698 856 2788 epistola
875 2700 986 2790 pinno.

327 2803 437 2896 Atque
459 2810 576 2878 utinam
597 2807 644 2875 his
665 2814 766 2901 potius
786 2817 876 2909 nugis
898 2833 966 2884 tota
987 2816 1040 2884 ilia
1059 2814 1198 2884 dedisset
1284 2865 1291 2887 .

270 2921 429 3016 Tempora
450 2926 595 3010 saevitiae,
617 2927 715 2998 claras
735 2932 841 3022 quibus
860 2934 986 3001 abstulit
1010 2930 1111 3014 Urbi,

266 3039 469 3132 illustresque
490 3046 605 3112 animas
626 3046 770 3140 impune,
790 3049 825 3116 dc
848 3050 968 3117 vindice
989 3047 1091 3134 nuile!

267 3158 329 3227 Sed
352 3161 464 3251 periit,
486 3180 650 3255 postquam
671 3165 851 3233 cerdonibus
871 3185 936 3231 esse
960 3157 1134 3235 timendus.
1203 3199 1208 3210 ι

265 3272 436 3369 Ceperat:
459 3279 517 3353 hoc
538 3282 643 3352 nocuit
664 3277 844 3356 Lamiarum
860 3279 950 3355 ,caede
970 3277 1129 3348 madenti.
