2634 3934
95 1317 313 1494 AUnns
339 1411 523 1483 Persius
547 1414 750 1487 anccns
773 1431 871 1484 natus
888 1432 937 1485 est
952 1414 1026 1485 Vo-

95 1538 224 1610 laternis
255 1538 290 1609 in
323 1540 511 1630 Hetruria,
543 1543 627 1612 circa
660 1540 860 1632 vigesimum
891 1540 1025 1626 imperii

96 1657 230 1728 Tiberii
261 1660 401 1728 Caesaris
431 1683 579 1750 annum,
611 1682 642 1731 'a
667 1662 803 1731 Christo
834 1684 928 1747 passo
958 1662 1025 1731 fere

97 1782 305 1893 secundum,
330 1803 421 1872 patre
444 1787 564 1857 Flacco
582 1787 704 1876 Equite
722 1783 898 1876 Romano,
924 1807 1025 1877 quem

96 1912 254 1984 sexennis
269 1911 400 2002 amisit,
425 1931 529 1986 matre
546 1912 667 1982 Fulvia
683 1913 854 2001 Sisennia,
870 1913 905 1984 in
922 1936 1025 2003 quam

97 2042 230 2128 pietate
253 2038 320 2107 fuit
345 2039 490 2132 insigni,
515 2041 800 2130 quemadmodum
823 2044 954 2133 &erga
970 2065 1024 2111 so-

97 2185 207 2237 rores.
231 2162 323 2234 Cum
340 2187 504 2237 annornm
518 2186 603 2238 esset
618 2167 817 2253 duodecim,
840 2169 936 2271 yenit
953 2164 1022 2233 Ro-

99 2312 211 2380 mam,
242 2288 302 2360 ubi
336 2285 532 2361 Remmium
568 2291 794 2375 Polemonem
818 2288 1024 2359 Grammati-

95 2438 179 2486 cum
210 2415 366 2505 audivit,
397 2412 585 2488 Rhetorem
618 2441 700 2489 vero
722 2417 917 2510 -Virginium
949 2413 1024 2482 Fra.

101 2547 219 2630 vium,
252 2539 324 2608 aliis
355 2530 530 2611 Flaccum.
572 2541 691 2622 Annos
724 2560 824 2612 natus
856 2540 1024 2613 sexdecim

99 2689 236 2758 operam
259 2666 356 2736 dedit
380 2662 512 2736 Annaeo
536 2664 715 2756 Cornuto,
740 2668 860 2737 Stoicae
875 2664 1024 2734 Philoso-

102 2797 191 2883 phiae
215 2795 453 2885 antesignano,
477 2815 579 2882 quem
603 2794 707 2866 etiam
731 2790 871 2865 mirifice
895 2791 1025 2880 coluit,

101 2920 143 2992 ab
160 2922 233 3009 ipso
248 2922 370 3010 pariter
387 2940 541 3009 amatus,
565 2937 606 2988 ut
626 2936 715 3008 patet
734 2943 777 2990 ex
794 2921 911 3006 Satyra
925 2918 1025 3004 quin·

101 3061 157 3116 ta.
181 3045 333 3136 Quin&
356 3049 389 3116 ei
412 3046 540 3139 legavit
564 3068 634 3117 non
650 3047 854 3117 mediocrem
870 3062 1024 3113 nummo-

102 3192 179 3243 rum
200 3176 353 3264 copiam,
387 3172 544 3245 nimirum
569 3175 724 3246 sestercia
761 3189 919 3257 centurn,
944 3181 1026 3253 aut,

103 3299 191 3367 sicut
214 3270 273 3369 alii
297 3299 442 3388 volunt,
479 3303 609 3392 argenti
641 3300 720 3371 fasti
744 3296 856 3386 pondo
879 3292 1025 3384 viginti,

106 3440 224 3514 preter
255 3422 495 3501 bibliothecam
526 3447 641 3516 suam,
682 3426 718 3502 in
750 3444 817 3527 qua
848 3430 1025 3503 numerali
