2634 3934
289 264 350 319 208
621 236 704 341 PE·
721 245 754 313 R
775 244 799 315 S
822 242 877 313 I'l

288 400 333 469 Et
355 399 445 490 piper
452 451 463 484 ‚
484 398 520 467 δε
536 400 671 489 pernae,
686 396 788 465 Marsi
808 413 1008 462 monumenta
1028 394 1171 474 clientlsa
1203 376 1218 393 -.

288 516 460 607 Matuaque
482 515 564 606 quod
586 516 686 606 prima
706 514 843 581 nondum
863 509 1012 579 defecerit
1035 534 1121 587 orca,

291 632 379 701 Heic
399 633 505 723 aliquis
527 633 567 699 de
589 634 686 724 gerite
708 632 824 699 hircosa
845 628 1059 705 centurionum
1181 724 1194 729 „

290 750 405 832 Dicat,
429 749 509 838 quod
533 749 635 839 sapio,
658 748 729 814 ratis
751 765 798 815 est
819 746 911 815 mihi:
936 769 997 812 uon
1018 766 1079 836 ego
1093 767 1171 813 curo

290 865 365 951 Esse
387 864 469 955 quod
483 865 658 945 Arcesilas,
681 864 905 954 aerumnosique
926 862 1074 942 Solones,

290 980 426 1072 Obstipo
448 983 570 1072 capite,
592 980 627 1047 dt
650 979 917 1072 figenteslumine
940 996 1078 1058 terram,

289 1097 458 1165 Murmura
479 1121 549 1165 cum
571 1118 693 1179 secum,
715 1094 750 1162 dr
772 1096 888 1162 rabiosa
910 1096 1034 1162 silentia
1055 1096 1195 1179 rodunt,
1302 1092 1306 1159 i

290 1208 401 1305 Atque
423 1213 603 1306 exporredlo
624 1215 816 1295 trutinantur
839 1211 928 1278 verba
951 1211 1085 1295 labello,

207 1398 212 1405 Δ
291 1327 429 1422 AEgroti
453 1333 568 1398 veteris
589 1332 780 1402 meditantes
796 1330 930 1411 somnia,
948 1331 1033 1416 gigni

288 1454 338 1528 De
361 1443 458 1515 nihilo
480 1447 640 1527 nibilum,
655 1451 690 1510 in
711 1446 843 1512 nibilum
864 1446 913 1510 nil
929 1459 1025 1531 posse
1048 1453 1191 1515 reuerti.

291 1561 369 1632 Hoc
382 1577 450 1644 est,
471 1563 552 1653 quod
565 1561 677 1653 palles:
691 1583 745 1627 cur
760 1539 826 1659 quis
839 1583 901 1625 non
908 1560 1077 1649 prandeat,
1093 1562 1153 1629 hoc
1160 1579 1215 1630 est.

291 1678 357 1746 His
379 1680 508 1775 populus
529 1680 630 1762 ridet,
652 1676 845 1773 multumque
867 1693 969 1745 torosa
990 1678 1136 1758 juventus

293 1793 473 1886 Ingeminar
496 1796 654 1862 tremulos·
668 1817 739 1861 naso
760 1794 915 1883 crispante
935 1792 1114 1861 cachinnos.

203 1900 208 1907 ¹
291 1909 432 1997 Inspice:
457 1915 559 1978 nescio
580 1912 652 2001 quid
670 1911 806 2002 trepidat
821 1910 896 1975 mihi
909 1910 1030 2000 petius,
1051 1910 1088 1977 dc
1102 1914 1198 2003 aegris

287 2021 440 2092 faucibus
462 2036 627 2113 'exsuperat
650 2028 751 2117 gravis
768 2026 900 2107 halitus,
924 2028 1058 2117 inspice,
1080 2029 1191 2119 sodes,
1302 2064 1306 2099 ι

289 2138 354 2230 Qui
377 2138 453 2209 dicit
476 2141 615 2230 medic03
638 2144 732 2224 jusus
753 2142 965 2231 requiescere,
987 2160 1149 2233 postquam

290 2253 404 2323 Tertia
425 2260 609 2349 compositas
631 2259 709 2327 vidit
732 2283 793 2326 nox
815 2282 941 2326 currere
964 2281 1074 2343 venas,

287 2372 342 2448 De
364 2374 479 2453 majore
501 2375 592 2441 domo
613 2375 733 2442 modice
754 2375 881 2441 sitiente
903 2372 1032 2467 lagena

267 2486 390 2557 'Lenia
411 2488 516 2556 loturo
539 2489 594 2557 sibi
615 2488 797 2558 Surrentina
818 2491 959 2584 rogavit.
1027 2548 1030 2551 .
1088 2487 1090 2491 ’

264 2618 269 2628 ‘
286 2604 381 2671 Heus
396 2606 491 2691 bone,
506 2625 541 2675 tu
557 2608 672 2698 palles.
695 2586 852 2699 Nihilest.
873 2610 991 2680 Videas
1004 2625 1108 2676 tamen
1117 2607 1215 2696 istud,

287 2719 442 2810 Quicquid
464 2724 495 2791 id
518 2742 584 2790 estr
606 2723 706 2815 surgit
729 2724 826 2792 tacite
848 2725 905 2791 tihi
925 2726 1009 2792 lutea
1032 2726 1138 2817 pellis.
1234 2801 1236 2804 ,
1307 2790 1308 2797 ,

288 2834 336 2902 At
361 2852 396 2902 tu
417 2837 553 2909 deterius
573 2839 688 2929 palles:
712 2863 750 2907 ne
773 2841 812 2906 sis
835 2841 910 2908 mihi
932 2859 1036 2910 tutorz

287 2950 353 3038 Jam
368 2952 489 3042 pridem
512 2954 594 3023 hunc
608 2956 720 3046 sepeli:
745 2974 781 3022 tu
794 2975 905 3025 restas.
927 2957 1051 3050 Perge,
1065 2960 1190 3026 tacebo.

286 3052 445 3162 Turgidus
468 3070 517 3138 hic
540 3073 638 3163 epulis
645 3123 666 3155 „
679 3091 773 3163 atque
794 3074 862 3141 albo
884 3078 1014 3157 ventre,
1038 3076 1180 3160 lavatur,

285 3184 427 3262 Gutture
448 3185 594 3255 sulfureas
616 3188 704 3254 lente
725 3187 888 3259 exhalante
912 3191 1084 3281 mephites.

285 3298 347 3372 sed
369 3320 489 3376 tremor
512 3305 596 3375 inter
621 3304 689 3371 vina
711 3305 807 3389 subit,
828 3307 1022 3396 calidumque
1045 3310 1174 3377 triental

284 3414 414 3494 Excutit
437 3441 456 3497 e
477 3420 628 3495 manibus:
649 3421 760 3509 dentes
781 3444 931 3515 crepuere
953 3426 1082 3506 retolli,

1048 3538 1151 3610 Unda
