2634 3934
344 229 810 350 'surranum
991 307 1049 362 ψ

119 420 384 517 Qandoquidem
397 438 529 511 accepto
543 418 711 499 claudenda
729 437 779 486 est
792 423 882 502 janua
896 424 1028 515 damno,
1110 409 1112 414 ¹

120 539 170 609 Et
192 542 308 621 majore
329 540 436 605 domus
458 536 594 627 gemitu,
616 540 734 617 majore
755 538 889 611 tumultu

119 654 322 749 Planguntur
344 653 478 733 nummi,
500 672 591 742 quam
612 649 737 731 sunere.
761 652 863 734 Nemo
883 657 1024 729 dolorem

119 771 231 865 Fingit
252 774 284 837 in
308 771 366 836 hoc
386 789 475 851 casu,
497 784 615 836 vestem
637 770 783 839 diducere
801 795 952 854 summam

118 886 324 968 Contentus,
346 906 458 951 vexare
483 885 587 953 oculos
607 886 737 969 humore
757 890 876 971 corilo,

117 1002 268 1072 Ploretur
289 1004 430 1084 iacrymis
449 1004 554 1071 amissa
575 1005 705 1094 pecunia
727 1008 823 1074 veris.
887 1036 889 1042 ·
975 1068 987 1086 s

117 1119 183 1187 Sed
205 1120 229 1185 si
250 1120 353 1186 cunila
376 1121 458 1189 vides
480 1121 571 1193 simili
592 1118 660 1188 fora
681 1122 773 1210 plena
794 1126 938 1214 querela:
985 1130 988 1135 ⁴

116 1236 169 1317 Si,
192 1236 294 1304 decies
314 1237 399 1306 leuis
419 1239 538 1306 diversa
560 1252 649 1326 parte
669 1237 807 1321 tabellis5

115 1340 408 1444 Vana'supervacui
429 1353 537 1421 dicunt
559 1352 780 1457 cheirographa
801 1356 897 1449 ligni,

115 1463 235 1561 Arguit
256 1471 388 1561 ipsorum
410 1492 487 1561 quos
506 1470 628 1539 littera:
650 1493 835 1566 gemmaque
858 1475 1000 1566 princeps

114 1583 361 1670 Sardonychum,
384 1589 493 1661 loculis
512 1609 582 1673 quae
603 1589 774 1654 custoditur
797 1591 934 1663 eburnis:

114 1697 166 1765 Te
188 1722 269 1763 nunc
289 1700 413 1764 delicias
433 1715 521 1769 extra
542 1697 715 1765 communia
736 1719 843 1767 censes

113 1813 385 1911 Ponendum:.qui
408 1830 442 1880 tu
466 1812 590 1907 gallinae
616 1812 693 1879 filius
706 1814 802 1904 albae3

113 1930 177 2000 Nos
201 1931 277 1997 viles
298 1933 375 2022 pulli
398 1931 461 2000 nati
483 1926 649 1999 infelicibus
670 1933 750 1999 ovis!
865 1974 869 1982 ·

112 2045 196 2114 Rem
220 2047 333 2137 pateris
353 2049 529 2135 modicam,
551 2046 587 2117 &
607 2048 754 2123 mediocri
774 2049 837 2117 bile
858 2047 1029 2147 ferendam,

111 2162 144 2230 Si
166 2162 267 2230 flectas
288 2166 392 2235 oculos
414 2170 528 2247 majora
549 2165 586 2231 ad
609 2166 752 2233 crimina.
774 2162 893 2233 Confer

110 2278 302 2347 Conduuun
324 2283 497 2362 latronem,
520 2279 659 2347 incendia
681 2277 797 2345 sulfure
818 2297 942 2370 coepta,

108 2392 218 2485 Atque
239 2396 331 2481 dolo,
353 2386 468 2489 primol
488 2419 558 2465 cum
581 2398 671 2479 janua
690 2395 812 2489 colligit
834 2395 949 2488 igneis:

108 2508 283 2578 Confer&
306 2515 378 2596 hos,
401 2515 515 2583 veteris
535 2514 589 2600 qui
604 2514 721 2589 tollunt
743 2512 871 2603 grandia
893 2514 1004 2604 templi

107 2626 218 2703 Pocula
240 2626 586 2718 adorandae'robiginis‚
603 2623 643 2693 ἀ
664 2627 847 2716 populorum

107 2743 217 2827 Dona,
240 2744 288 2811 vel
311 2743 439 2835 antiquo
460 2742 573 2835 positas
591 2764 612 2813 a
633 2763 710 2836 rege
730 2764 880 2819 coronas.

70 2840 74 2847 “
106 2859 189 2927 Haec
211 2858 250 2925 ibi
272 2859 297 2924 si
319 2882 381 2926 non
402 2878 493 2943 sunt,
514 2860 616 2925 minor
637 2872 739 2927 exstat
759 2859 941 2954 sacrilegus,
961 2864 1015 2954 qui

107 2974 206 3043 Radat
228 2977 358 3044 inaurati
381 2971 481 3044 femur
502 2975 670 3063 Herculis,
691 2974 727 3044 &
748 2973 858 3045 faciem
880 2978 976 3070 ipsam
1002 3018 1008 3025 -

106 3090 265 3183 Neptun13
287 3094 339 3189 qui
361 3092 541 3161 braueolnn
561 3093 601 3163 de
620 3090 753 3163 Castore
774 3095 882 3161 ducat.

106 3203 158 3273 An
178 3209 296 3278 dubitet
318 3211 425 3279 solitus
445 3226 548 3277 totum
567 3209 703 3289 conflare
724 3208 925 3280 Tonantem?

106 3320 223 3391 Confer
243 3325 278 3393 δε
298 3326 448 3411 artifices,
470 3342 734 3419 mercatoremque
756 3326 890 3408 veneni,

105 3436 145 3505 Et
166 3439 378 3515 deducendum
399 3445 483 3514 corio
505 3444 587 3512 bouis
609 3444 640 3511 in
663 3465 766 3526 mare,
787 3467 856 3511 cum
877 3464 938 3534 quo
1025 3438 1030 3447 ’
1086 3514 1091 3521 ,

652 3557 728 3633 Κ4
