2634 3934
302 284 364 336 ⁸94
622 247 886 321 'PERSII

296 404 476 489 doricetis,
497 401 601 494 quibus
623 400 658 470 dt
679 403 761 470 dicas
782 418 854 469 cute
876 397 1034 491 perditus,
1053 400 1134 469 ohe!

296 523 372 614 Quo
385 523 543 604 didicisse,
559 513 889 601 nisihocfermentum,
901 514 1016 608 &quae
1028 518 1124 585 semel
1140 517 1233 586 intus

298 637 410 710 lunata
432 656 499 719 est,
522 655 615 727 rupto
636 641 740 720 jecore
762 637 876 706 exierit
896 632 1077 727 caprificus?

270 744 274 751 ’
298 755 349 826 En
373 757 492 847 pallor,
511 738 706 845 seniumque.
738 740 897 825 omores'!
921 750 1161 842 usqueadeone

299 872 386 942 Scire
408 889 496 937 tuum
518 870 594 936 nihil
609 887 677 952 cst,
700 870 757 937 nisi
780 871 913 938 rescire
937 869 994 935 hoc
1007 867 1082 935 sciat
1097 869 1208 938 alter?

299 986 349 1059 At
361 985 523 1079 pulchrum
537 1003 586 1055 est
599 986 700 1079 digito
714 989 900 1071 monstrari,
913 983 949 1054 dc
963 984 1061 1053 dicier
1066 1033 1079 1069 ,
1091 984 1144 1051 hic
1158 1001 1231 1054 est·

299 1101 386 1174 Tcn’
406 1105 588 1172 cirratorum
608 1119 735 1170 centum
756 1101 868 1171 dictata
888 1101 979 1172 fuisse

299 1219 364 1293 Pro
386 1221 483 1289 nihilo
503 1220 636 1312 pendas?
657 1242 733 1289 ecce
754 1219 838 1289 inter
858 1220 970 1313 pocula
990 1236 1139 1311 quaerunt

300 1337 481 1407 Romulidae
503 1339 616 1421 saturi,
637 1338 711 1429 quid
733 1338 782 1406 dia
797 1355 941 1431 poemata
961 1353 1107 1405 narrent.

299 1452 388 1523 Heic
395 1453 515 1543 aliquit,
527 1457 577 1519 cui
583 1455 699 1519 circum
707 1453 850 1521 humeros
863 1453 1060 1534 hyacinthina
1074 1452 1157 1520 laena
1165 1470 1227 1538 est,

299 1568 508 1639 Rancidulum
528 1569 671 1662 quiddam
693 1568 777 1636 balba
797 1569 837 1638 de
859 1591 933 1637 nare
952 1569 1093 1652 locutus,

300 1685 478 1771 Phyllidas,
500 1686 711 1779 Hypsipyles,
734 1705 838 1755 vatum
859 1685 894 1755 ἃ
909 1684 1206 1778 plorabilesiquid‚

288 1805 448 1896 'Hiquat‚
470 1803 505 1875 &
527 1823 638 1875 renem
658 1804 834 1895 supplantat
856 1804 947 1871 verba
968 1803 1091 1894 palato.

300 1918 472 1989 Assensere
493 1922 567 1989 viri.
589 1919 682 1990 Nunc
703 1944 766 1989 non
788 1920 864 2015 cinis
884 1920 939 1988 ille
960 1936 1064 2012 poetar

299 2035 410 2105 felin?
432 2057 493 2101 non
515 2035 615 2102 levior
633 2036 743 2125 cippus
763 2059 845 2104 nunc
865 2038 1016 2126 imprimit
1038 2037 1131 2104 orsa?

300 2148 444 2220 Laudant
464 2148 621 2219 convivae.
643 2149 736 2221 Nunc
757 2172 861 2248 nonne
881 2153 1018 2221 manibus
1039 2152 1121 2238 illis,

300 2268 394 2341 Nunc
415 2293 477 2336 non
498 2291 518 2336 e
540 2269 678 2363 tumulo,
699 2264 917 2360 fortunataque
938 2268 1062 2353 favilla,

300 2387 477 2459 Nascentur
499 2385 611 2454 violae?
633 2386 732 2467 rides,
754 2386 817 2467 ait,
838 2384 874 2455 ἄ
896 2388 985 2453 nimis
1007 2387 1092 2455 uncis

296 2501 430 2597 Naribus
451 2500 610 2594 indulges.
632 2494 687 2568 Ao
709 2499 789 2584 erit,
810 2501 864 2592 qui
879 2503 968 2597 pvelle
991 2512 1115 2573 recuset

299 2621 350 2690 Os
370 2619 478 2711 popuii
497 2618 664 2687 meruisse:
685 2616 829 2687 &cedro
848 2619 942 2713 digna
964 2623 1106 2703 locotus,

299 2735 461 2826 Linquere
473 2759 530 2803 nec
544 2736 697 2803 scombros
710 2736 882 2804 metuentia
892 2739 1045 2820 carmina,
1059 2758 1119 2805 nec
1129 2735 1223 2809 thus?

298 2851 444 2942 Quisquis
457 2873 508 2934 es,
531 2853 656 2919 omodo
677 2874 767 2943 quem
786 2875 825 2919 ex
839 2853 967 2922 adverso
987 2855 1092 2922 dicere
1105 2850 1185 2940 feci,

297 2964 372 3038 Non
393 2989 471 3060 ego,
493 2989 563 3035 cum
585 2969 702 3055 scribo,
723 2971 748 3036 si
769 2966 852 3039 forte
873 2973 948 3062 quid
968 2971 1069 3063 aptius
1091 2971 1176 3055 exit,

296 3082 434 3178 Quando
449 3084 515 3153 haec
530 3108 598 3154 rara
611 3089 674 3155 avis
688 3105 735 3154 est
742 3136 755 3170 ,
776 3087 800 3152 si
815 3088 887 3178 quid
902 3106 1006 3158 tamen
1019 3090 1122 3181 aptius
1134 3090 1221 3178 exit,

296 3196 432 3270 Laudari
447 3220 600 3270 metuam:
624 3204 820 3295 nequeenim
835 3204 909 3273 mihi
923 3228 1037 3276 cornea
1052 3205 1125 3274 fibra
1138 3226 1207 3289 est:

295 3315 356 3385 sed
378 3319 472 3403 redii,
495 3319 667 3411 finemque,
691 3340 944 3412 extremumque,
965 3345 1030 3391 esse
1052 3324 1162 3394 recuso

294 3438 379 3524 Euge
401 3452 511 3527 tuum,
533 3436 569 3510 dr
581 3437 668 3509 belle.
690 3464 761 3509 nam
776 3441 855 3511 belle
869 3439 928 3510 hoc
948 3458 1062 3513 excute
1076 3458 1196 3513 totum:
