2634 3934
303 258 364 324 su
547 234 981 330 Juvnuauts

297 395 358 466 Sed
381 411 551 487 peccaturo
573 394 675 460 obstet
696 392 753 459 tibi
775 389 853 456 filius
874 387 991 458 infans.

208 548 217 553 ’
297 513 404 596 Nam,
426 511 545 603 siquid
567 510 695 604 dignum
716 508 864 579 Censoris
884 504 995 575 fecerit
1017 508 1065 574 ira

296 630 512 722 Quandoque,
534 625 714 695 &similem
730 625 785 691 tibi
805 647 840 692 se
855 648 916 692 non
930 646 1061 715 corpore
1077 640 1222 725 tantum,
1312 656 1314 725 p

297 745 367 816 Nec
389 748 478 811 vultu
500 743 643 828 dederit,
666 766 787 811 motum
807 764 932 832 quoque
954 740 1048 825 filius,
1076 739 1111 809 dt
1128 743 1180 833 qui
1312 730 1314 755 ⁴

296 860 412 929 Omnia
431 851 571 928 'deterius
593 879 647 926 tua
669 884 725 950 per
748 859 877 951 vestigia
900 877 1030 949 peccet,

294 975 458 1070 Corripies
479 975 641 1059 nimitum,
664 975 699 1044 dt
721 962 881 1067 castigabis
903 976 1014 1043 acerbo

296 1095 465 1179 Clamore,
478 1118 523 1180 ‘ac
545 1111 615 1185 post
636 1093 703 1161 haec
726 1091 844 1158 tabulas
865 1110 987 1159 mutare
1008 1091 1141 1182 parabis.

297 1207 396 1279 Unde
418 1213 474 1277 tibi
495 1209 632 1280 frontem
654 1213 890 1301 libertatemque
913 1209 1068 1301 parentis3

296 1326 378 1394 Cum
399 1324 490 1391 facias
510 1332 617 1416 pejora
638 1351 749 1409 senex,
771 1349 962 1417 vacuumque
983 1324 1112 1392 cerebro

295 1440 482 1532 Jampridem
503 1459 598 1531 caput
620 1444 678 1507 hoc
700 1457 826 1507 ventosa
846 1442 1002 1508 cucurbita
1023 1444 1162 1529 quaeratl
1211 1522 1220 1539 ι
1313 1514 1314 1524 ¹

354 1557 493 1648 Hospite
515 1573 669 1642 venturo,
689 1556 813 1624 cessabit
836 1576 926 1621 nemo
947 1572 1093 1620 tuorum:

295 1677 403 1746 Verre
425 1675 652 1767 pavimentum:
675 1671 786 1740 nitidas
806 1671 933 1739 ostende
954 1660 1126 1739 columnas:

294 1790 396 1866 Arida
418 1817 488 1862 cum
511 1810 580 1859 tota
601 1790 768 1861 descendat
788 1813 899 1861 aranea
922 1789 1001 1857 tela:

294 1905 364 1971 Hic
386 1910 466 1972 laeve
487 1883 673 1999 argentum,
696 1929 765 1975 uasa
787 1930 894 1999 aspera
915 1922 1042 1998 tergeat
1065 1907 1163 1977 altera

294 2020 369 2087 Vox
389 2020 505 2086 domini
526 2018 603 2085 furit
624 2023 787 2104 instantis,
809 2025 989 2114 virgamque
1011 2022 1163 2093 tenentis.
1202 2094 1207 2113 ,

242 2220 245 2227 ἱ
294 2133 382 2230 Ergo
404 2134 496 2204 miset
518 2135 674 2228 trepidas,
697 2154 893 2205 ue‘stercore
914 2133 999 2206 foeda
1020 2140 1131 2206 canino

294 2248 388 2322 Atria
408 2254 590 2346 displiceant
611 2256 707 2324 oculis
728 2256 880 2324 venientis
901 2255 1009 2337 amici,

293 2367 345 2440 Ne
367 2367 487 2463 perfusa
508 2373 576 2435 luto
598 2373 639 2436 sit
661 2372 815 2460 porticus,
835 2371 871 2438 δ(
892 2388 996 2437 tamen
1018 2393 1079 2440 uno

293 2487 437 2556 Semodio
458 2486 553 2555 scobis
579 2484 645 2553 haec
667 2486 812 2579 emendat
834 2487 973 2555 servulus
994 2510 1089 2557 unus:

293 2599 377 2672 Illud
399 2628 461 2672 non
482 2605 601 2699 agitas,
623 2622 660 2672 ut
682 2604 812 2672 sanilam
834 2603 912 2673 lilius
934 2607 1025 2672 omni.

293 2716 456 2809 Adspiciat
478 2724 543 2788 sine
566 2722 634 2788 labe
656 2723 803 2806 domum,
825 2723 962 2813 vitioque
982 2725 1162 2790 carentem?

290 2835 428 2906 Gratum
442 2818 509 2921 est,
531 2839 613 2927 quod
628 2838 869 2929 patriminam,
892 2840 1069 2929 populoque
1083 2839 1216 2928 dedisti3

290 2952 323 3021 Si
346 2948 437 3032 sacis,
459 2968 496 3017 ut
517 2957 628 3044 patriae
649 2957 690 3022 sit
712 2955 855 3039 idoneus,
878 2955 963 3022 utilis
984 2954 1083 3047 agris,

290 3065 447 3139 Utilis&
469 3069 641 3156 bellorum,
663 3071 698 3140 dt
720 3075 802 3163 pacis
823 3072 912 3139 rebus
933 3071 1076 3164 agendis.

289 3172 553 3263 Plurimumenim
565 3187 722 3270 intererit,
730 3187 1125 3277 quibusartibus,&quibus
1133 3176 1215 3257 huno

288 3300 434 3372 Moribus
451 3299 611 3374 instituas.
634 3304 791 3396 Serpente
810 3305 929 3374 ciconia
950 3304 1052 3395 pullos
1150 3296 1215 3410 (tu

287 3415 417 3504 Nutrit,
440 3421 475 3491 dt
497 3424 623 3495 inventa
645 3446 703 3519 pet
723 3421 812 3495 devia
833 3443 906 3494 tura
924 3422 1059 3506 lacerta:
1168 3492 1172 3499 .

1103 3540 1154 3607 llli
