2634 3934
307 275 367 339 rm
552 247 982 341 JUVENntls

361 492 1192 594 omnmwmw

498 706 1021 837 ΙεΑΤΥκΑΧιυ.ν

385 930 466 1015 ‘Post
486 965 601 1013 annum
623 938 780 1013 Hadriani
803 948 990 1033 imperantis
1012 950 1176 1014 tertium.

305 1118 524 1312 EXemplo
547 1221 752 1314 quodcunque
773 1218 856 1289 maio
877 1219 1119 1302 committitur,
1144 1216 1203 1307 ipsi

306 1339 464 1426 Displicet
487 1338 619 1405 auiiori.
645 1337 755 1405 PuMA
777 1356 825 1405 est
847 1338 914 1405 haec
935 1337 1013 1404 ultio
1023 1377 1038 1418 ‚2
1059 1335 1171 1427 quod,
1192 1346 1222 1395 se

307 1454 433 1543 Iudice,
458 1475 548 1518 nemo
565 1472 679 1518 nocens
702 1453 885 1533 absolvitur,
908 1454 1049 1542 Improba
1063 1448 1211 1547 quamuis

308 1569 423 1639 Gratia
445 1558 547 1635 fallaci
568 1564 709 1659 praetoris
731 1567 845 1633 vicerit·
861 1588 952 1633 urna.

309 1684 397 1781 Quid
418 1690 535 1754 sentire
558 1703 648 1778 putas
670 1681 803 1769 omneis,
823 1682 973 1764 Calvine,
996 1681 1127 1748 recenti
1219 1726 1224 1733 -

309 1806 364 1874 De
386 1803 528 1887 scelere,
553 1802 673 1871 &fidei
696 1803 819 1869 violatae
839 1801 988 1869 crimine?
1012 1799 1069 1865 sed
1096 1819 1160 1864 nec

310 1917 395 1984 Tam
417 1922 518 1983 tenuis
539 1941 646 1985 census
669 1918 725 1982 tibi
745 1918 898 2009 contigit,
922 1933 959 1982 ut
980 1915 1152 1982 mediocris

311 2030 439 2120 Jaiiurae
465 2047 498 2095 te
519 2051 642 2122 mergat
664 2054 757 2098 onus:
781 2055 838 2099 nec
859 2054 927 2096 rara
948 2032 1112 2114 videmus,

309 2148 394 2240 Qrae
417 2147 550 2238 pateris3
571 2170 656 2214 casus
679 2140 784 2212 multis
805 2146 855 2214 hic
869 2147 1030 2240 cognitus,
1055 2172 1096 2216 ac
1119 2148 1200 2229 jam·

311 2262 442 2349 Tritus,
464 2262 539 2332 &e
563 2266 666 2333 medio
687 2263 835 2332 Fortunae
857 2264 959 2331 nunus
979 2288 1114 2333 acervo.

311 2381 465 2450 Ponamus
486 2381 594 2445 nimios
614 2382 764 2473 gemitus:
787 2381 970 2471 flagrantior
992 2402 1087 2471 aequo

312 2499 386 2569 Non
412 2496 504 2564 debet
526 2496 613 2563 dolor
635 2516 701 2563 esse
723 2495 798 2577 viri,
821 2517 877 2561 nec
900 2496 1029 2564 vulnere
1052 2498 1170 2579 major.

313 2612 387 2698 Tu,
399 2613 535 2704 quamvis
548 2613 664 2682 levium
678 2608 854 2697 minimam,
870 2613 1074 2706 exiguamque
1084 2611 1225 2678 malorum

311 2728 502 2797 Particulam
524 2731 574 2797 vix
596 2728 680 2797 ferre
701 2744 808 2820 potes,
830 2732 1037 2820 spumantibus
1059 2730 1167 2798 ardens

310 2842 509 2928 Visceribus,
532 2868 650 2913 sacrum
672 2846 745 2928 tibi,
767 2847 846 2936 quod
871 2870 931 2912 non
952 2846 1064 2915 reddat
1087 2844 1196 2913 amicus

310 2959 517 3055 Depositum.
539 2964 654 3053 Stupet
669 2963 754 3046 haec,
774 2963 826 3052 qui
840 2964 900 3045 jam
915 2982 985 3054 post
999 2983 1091 3059 terga
1106 2950 1221 3045 reliquit

310 3078 479 3173 Sexaginta
500 3100 612 3161 annos,
634 3080 767 3162 Fontejo
787 3082 913 3150 consule
934 3086 1044 3151 natus?

277 3287 282 3299 Ο
309 3191 367 3262 An
393 3196 468 3263 nihii
490 3196 522 3262 in
543 3194 654 3261 melius
675 3210 725 3261 tor
747 3216 851 3264 rerum
873 3197 996 3288 proficit
1020 3202 1100 3267 usu?

307 3308 433 3404 Magna
455 3313 595 3406 quidem,
617 3312 709 3380 sacris
730 3332 801 3403 quae
824 3314 876 3381 dat
900 3333 1057 3407 precepta
1079 3306 1201 3385 libeliis,

307 3424 446 3497 chrux
470 3430 620 3499 Fortunae
642 3430 816 3524 Sapientia.
839 3430 989 3499 Ducnnus
1008 3451 1118 3509 nutem,
