2634 3934
180 212 183 217 ⁴
242 230 246 235 ’
346 214 371 318 n
526 241 592 315 uu
614 236 809 313 sarran
834 237 1100 329 Juvuunms

346 401 575 495 reparabitur,
591 419 736 491 quorum
759 395 844 469 adeo
860 401 986 487 Satyra
1007 400 1131 491 triplici
1146 402 1249 479 dicer

344 534 381 604 di
408 529 595 603 charadere
617 526 782 614 triplicem
798 525 931 596 Ethicae
953 526 1179 616 Philosophiae
1199 554 1250 624 gra

343 660 429 730 dum
454 655 592 727 feliciter
615 654 853 742 expleverunt.
890 653 983 746 Nam
1006 656 1174 727 Horatius
1196 682 1248 747 qu

248 790 251 797 '
343 785 424 855 dem
448 781 571 852 humili
595 801 747 852 sermone
769 767 888 850 ludens
913 782 979 850 hoc
1001 780 1093 872 agit,
1126 799 1169 853 ut
1192 803 1248 856 stu

344 928 398 980 tos
419 908 535 995 saltem
566 908 763 995 insipientie
787 907 969 992 pudescat:
1002 906 1135 976 Persius
1158 926 1251 980 auter

342 1034 412 1104 stili
434 1034 595 1126 gravioris
617 1033 828 1121 austeritate,
857 1032 1000 1103 honesto
1022 1033 1144 1118 pudori
1158 1056 1251 1155 gene

343 1181 427 1231 rosa
450 1161 574 1231 mentis
596 1158 817 1229 constantiam
842 1131 934 1227 addit
942 1158 1139 1249 ‚viamque
1163 1161 1251 1247 ipsar

343 1309 413 1375 qua
436 1287 479 1355 ad
503 1284 644 1377 rigidam
676 1284 883 1372 solidamque
906 1283 1068 1356 virtutem
1100 1304 1195 1358 eatur
1218 1309 1252 1356 se

343 1415 396 1481 rio
419 1428 604 1482 monstrat:
638 1410 808 1500 luvenalis
829 1409 976 1499 denique
998 1410 1185 1490 'bominum
1210 1436 1252 1484 ne

287 1581 289 1586 ι
342 1538 482 1625 quitiam
514 1535 745 1629 impudentem
774 1534 924 1605 horribili
956 1537 1119 1633 flagello,
1150 1539 1252 1608 dolor·

341 1667 379 1738 δι
404 1662 636 1756 indignatione
658 1682 865 1751 succensus,
896 1664 1030 1756 corripit
1052 1673 1087 1741 &
1109 1666 1250 1756 castigat

342 1789 398 1860 Sic
423 1789 527 1878 igitur
551 1789 588 1855 hi
604 1804 671 1856 tres
687 1788 803 1856 Poeta
828 1810 885 1876 per
901 1793 1056 1880 Satyram
1079 1789 1173 1860 fuere
1187 1791 1253 1860 Phi-

342 1913 503 1999 losophi;
535 1933 645 1998 neque
669 1911 740 1981 ulla
766 1915 853 1984 inter
874 1937 992 1986 eorum
1015 1918 1151 2001 Satyras
1174 1936 1254 2004 qua·

341 2035 442 2106 renda
475 2050 525 2104 est
555 2033 765 2129 differentia,
805 2042 871 2112 nisi
893 2063 993 2131 quam
1023 2036 1174 2106 diversus
1205 2064 1254 2128 prr

294 2212 305 2233 f
340 2180 529 2250 temporum
554 2165 713 2236 varietate
737 2165 834 2237 stilus
856 2157 1034 2254 imposuit:
1058 2163 1182 2254 quippe
1205 2165 1254 2237 ali·

270 2356 277 2371 ,
340 2302 391 2358 ter
423 2285 539 2361 affeda
572 2308 676 2382 atque
699 2293 843 2364 animata
874 2291 1010 2368 fuerunt
1034 2290 1254 2365 Romanomrr

340 2417 477 2507 ingenia
502 2412 660 2509 Augusto
690 2417 733 2487 de
765 2419 930 2490 reddenda
955 2415 1138 2505 Republica
1167 2422 1254 2511 cogi·

320 2540 462 2630 tante,
493 2542 587 2613 aliter
618 2544 756 2615 Nerone
780 2541 883 2614 Urbis
911 2540 1105 2618 incendium
1135 2544 1179 2617 ad
1207 2542 1254 2611 Ilii

338 2664 575 2760 conflagrantis
606 2672 787 2761 imaginem
818 2664 935 2737 habitu
966 2674 1101 2743 scenico
1129 2693 1151 2740 e
1178 2671 1254 2737 turn

339 2792 586 2866 Maecenatiana
609 2792 862 2881 prospeuante,
895 2769 990 2864 aliter
1013 2792 1117 2867 etiam
1139 2792 1254 2862 Domi·

337 2921 433 2989 tiano
448 2923 591 3007 stupris,
608 2915 772 3005 caedibus,
789 2917 1254 3004 rapinisdominumacDeum

337 3068 373 3116 se
397 3062 550 3139 gerente.
575 3040 686 3131 Qum
710 3041 756 3111 ob
771 3064 842 3112 rem
866 3046 1036 3131 luvenalis
1058 3043 1157 3114 simul
1178 3060 1254 3111 cum

337 3175 407 3241 risu
438 3160 666 3255 excandescit,
698 3171 735 3241 ὰ
766 3168 922 3260 iugulat3
944 3162 1077 3258 ¹quippe
1109 3169 1253 3240 animum

335 3291 485 3365 cohibito
508 3289 574 3358 risu
599 3289 787 3384 indignatio
809 3293 920 3387 subit,
943 3296 1066 3366 deinde
1091 3291 1183 3365 dolor
1196 3296 1252 3385 qui

334 3419 436 3489 altius
458 3401 586 3507 pressus
608 3421 745 3496 exardet
769 3418 805 3501 in
830 3424 943 3520 itam,
975 3416 1139 3503 &Poeta
1161 3418 1249 3499 velut
