2634 3934
309 306 366 362 ιμ
543 222 966 364 Juveuot1s
1293 4 1306 390 i

303 424 447 499 Annulus
470 424 502 493 iu
523 427 622 519 digito
645 429 725 518 quod
748 424 880 498 ferreus.
902 425 990 517 Ergo
1005 425 1184 513 superbum

251 567 253 572 ’
301 545 476 620 Convivam
498 565 610 627 caveo,
632 545 688 633 qui
709 566 760 611 me
782 544 835 609 sibi
857 559 1031 631 comparat,
1052 537 1093 607 δι
1110 562 1169 606 res

303 660 449 750 Despicit
470 661 610 752 exiguos.
634 655 727 726 Adeo
748 661 831 727 nulla
854 661 941 726 uncia
965 656 1048 723 nobis

304 778 362 854 Est
382 773 501 858 eboris,
524 797 583 841 nec
606 776 758 858 tessella,
781 798 838 842 nec
859 774 993 842 calculus
1014 795 1053 839 ex
1079 769 1150 838 hac

304 890 459 960 Materia:
481 890 555 979 quin
579 890 641 979 ipso
664 890 817 958 manubrio
838 891 1036 956 cultelloium

303 1006 418 1075 Ossea:
443 1023 629 1073 nontamen
652 995 698 1070 bis
720 1005 781 1069 ulla
803 1028 935 1096 unquam
957 1006 1081 1074 obsonia
1110 1002 1196 1070 fiunt
1306 981 1308 1114 i

304 1123 499 1207 Rancidula,
520 1138 573 1188 aut
595 1121 665 1187 ideo
687 1123 774 1211 pejor
796 1122 910 1212 gallina
932 1140 1070 1196 secatur.
1306 1117 1308 1220 4

253 1287 255 1292 .
303 1239 366 1307 Sed
388 1262 446 1305 nec
468 1237 597 1305 strutior
618 1239 698 1320 erit,
721 1237 769 1304 cui
790 1239 901 1304 cedere
921 1238 1031 1304 debeat
1052 1237 1166 1302 omnis

226 1421 229 1427 ,
302 1353 458 1445 Pergula‚
480 1354 643 1443 discipulus
666 1352 824 1443 Trypheri
844 1352 992 1437 dodorim
1014 1353 1097 1444 apud
1114 1371 1214 1441 quem
1307 1371 1308 1402 1

303 1468 430 1538 Sumine
443 1491 513 1533 cum
527 1491 639 1559 magno
654 1470 758 1557 lepus,
780 1485 873 1556 atque
887 1492 979 1558 aper,
1000 1468 1035 1535 dt
1047 1487 1231 1557 pygargus,
1306 1459 1307 1528 s

304 1585 349 1654 Et
372 1583 524 1665 Scythica
546 1583 704 1666 volucres,
726 1581 761 1650 bt
776 1583 1025 1675 phoenicopterus
1046 1581 1171 1671 ingens
1182 1633 1196 1667 ,
1306 1641 1307 1646 ,

304 1700 350 1770 Et
372 1701 516 1769 Gaetulus
539 1723 634 1784 oryx,
656 1700 760 1768 hebeti
781 1700 943 1766 lautissimo
963 1696 1047 1764 ferro
1161 1690 1173 1700 ’

302 1817 469 1901 caditur,
491 1816 525 1884 δε
550 1835 618 1882 tota
639 1835 727 1884 sonat
750 1818 850 1883 ulmeri
871 1839 961 1890 coena
983 1813 1139 1883 Suburra.

304 1930 371 1998 Nec
392 1929 523 1994 frustum
544 1954 666 2018 capreae
686 1932 871 2014 subducere,
892 1956 949 2001 nec
971 1933 1051 1997 latus
1071 1926 1170 1997 Afras

303 2042 401 2113 Novit
422 2042 485 2109 avis
507 2060 612 2109 noster
634 2043 823 2127 tirunculus,
844 2070 880 2112 ac
902 2048 983 2112 rudis
1004 2046 1091 2110 omni

201 2199 202 2202 =
303 2155 464 2253 Tempore
473 2156 539 2242 ,Ἥ
564 2159 684 2252 exiguae
706 2156 795 2227 surtis
816 2161 945 2227 imbutus
965 2156 1087 2228 ofeliae.

304 2275 444 2360 Plebejos
465 2277 573 2343 calices
594 2275 629 2343 dc
651 2280 754 2367 paucis
776 2278 885 2346 assibus
906 2297 1003 2345 emtos
1049 2253 1053 2260 i

303 2387 450 2485 Porriget
471 2391 604 2457 incultus
626 2415 721 2481 puer,
743 2409 835 2483 atque
856 2418 873 2460 a
896 2392 1012 2485 frigore
1034 2410 1124 2461 tutus
1131 2420 1143 2481 ;

303 2507 376 2577 Non
397 2505 518 2591 Phryx,
541 2526 594 2575 aut
610 2506 741 2593 Lycius,
763 2534 823 2595 noo
846 2534 863 2577 a
885 2531 1038 2602 mangone
1059 2512 1178 2601 petitus

303 2623 473 2715 Quisquam
487 2626 548 2692 erit
563 2626 594 2690 in
610 2649 739 2719 magnor
761 2650 830 2693 cum
846 2639 979 2719 posces,'
992 2647 1083 2716 poste
1090 2623 1215 2693 Latine.

303 2737 390 2804 Idem
413 2742 529 2806 habitus
550 2741 681 2823 cundis,
705 2745 803 2823 tonsi,
824 2744 959 2834 reddique
980 2743 1100 2833 capilli,
1150 2817 1153 2822 ,
1284 2725 1287 2730 ⁴

302 2849 411 2940 Atque
435 2854 667 2922 hodiernorum
688 2873 818 2948 propter
839 2830 975 2926 coirvivia
996 2859 1084 2949 peri.

300 2965 434 3035 Pastoris
457 2969 525 3034 duri
547 2989 595 3037 est
617 2972 665 3039 hic
682 2972 774 3040 filius:
797 2977 851 3041 ille
864 2977 983 3043 bubulci

300 3084 438 3174 Suspirat
459 3087 553 3176 longo
576 3111 637 3153 non
662 3090 753 3155 visam
777 3106 917 3182 tempore
939 3110 1090 3174 matrem,

299 3199 344 3265 Et
366 3202 518 3284 casulam,
539 3200 574 3267 ἃ
597 3221 687 3268 notos
709 3205 804 3271 tristis
825 3209 977 3275 desiderat
1000 3210 1123 3277 hoedos.

298 3307 431 3406 ingenui
455 3319 555 3387 vultus
579 3340 675 3409 puer,
697 3322 883 3413 ingenuique
900 3324 1045 3420 pudoris,

297 3427 427 3520 Qraleis
449 3457 514 3504 esse
536 3437 649 3519 decet,
670 3458 745 3527 quos
766 3440 874 3506 ardens
896 3439 1029 3530 purpura
1051 3442 1161 3526 vestit}
