2634 3934
224 202 227 213 ι
330 258 739 345 DISSERTATIO.
832 341 836 349 ,
944 268 1007 335 xix

70 438 264 508 armatum
305 419 425 509 lovem
457 421 554 493 Idaeis
585 425 689 495 antris
720 423 1002 520 delitescentem,

69 548 153 618 inde
180 567 284 634 super
307 544 412 618 nubes
426 550 596 621 ⁴convivia
621 552 827 641 agitantem,
852 548 1003 622 adultera

66 673 303 745 &catamito
336 668 457 758 pocula
489 673 771 766 ministrantibus3
807 674 1002 748 Vulcanum
1093 772 1096 777 .

66 795 110 889 ab
128 798 263 866 incude
286 794 527 887 fuliginosum3
552 796 824 877 AtlantemCoeli
839 803 1002 874 destinam

65 919 131 990 sub
158 922 274 994 nimia
299 922 450 990 Deorum
473 921 567 995 turba
589 936 779 1017 gementem
802 928 1001 1015 &pondere

65 1066 292 1134 oppressum.
320 1046 404 1115 Haec
421 1044 511 1118 ellim
528 1062 608 1122 sunt
632 1052 731 1122 anilia
755 1075 856 1140 prope
880 1053 1001 1133 delira-

65 1187 218 1257 menta,
251 1148 289 1239 ut
311 1170 448 1245 cuilibet
480 1196 567 1246 sanae
590 1180 715 1248 mentis
738 1176 919 1249 ludibrium
942 1177 1002 1249 de·

65 1289 200 1382 beant,
225 1296 350 1369 nedum
375 1322 434 1385 pro
459 1300 580 1371 divinis
605 1301 806 1373 habeantur.
913 1360 916 1365 .
1001 1346 1005 1353 ·

99 1416 228 1509 'Qod
253 1439 365 1496 autem
398 1426 468 1516 ait,
501 1429 631 1498 minore
665 1430 834 1517 quondam
858 1450 1001 1499 numero

67 1566 108 1615 ac
134 1547 289 1636 pondere
313 1552 466 1624 Deorum
498 1576 645 1642 pressum
676 1556 775 1626 fuisse
799 1553 1006 1645 Atlantem,

66 1694 146 1740 non
175 1671 292 1740 debuit
306 1675 412 1741 videri
435 1675 587 1759 frigidius
601 1675 713 1742 fabula
731 1684 822 1757 ipsa,
847 1670 1005 1755 quaCoe·
1026 1742 1028 1745 ,

68 1792 156 1861 lum
195 1790 335 1862 Atlante
366 1791 475 1860 fulciri
506 1812 545 1862 ac
567 1789 724 1863 sustineri¹
753 1793 864 1863 Poetae
896 1790 1004 1863 finxe-

70 1935 180 1989 runt:
206 1900 286 1987 n'arn
309 1910 572 2011 sivemontem,
598 1920 670 1988 sive
686 1917 859 1989 hominem
883 1918 1003 2010 fuisse,

72 2042 257 2113 Atlantem
274 2031 516 2135 intelligimus,
540 2045 657 2133 utique
672 2041 801 2133 lepidus
817 2046 880 2113 erit
898 2047 1002 2128 jocus.
1085 2096 1088 2101 >

75 2164 138 2239 Ac,
168 2167 348 2236 demente
381 2167 518 2256 quidem
551 2169 621 2241 hac
654 2167 753 2239 habet
777 2171 1001 2242 Herodotus:

77 2289 257 2362 Atlantem
283 2290 404 2363 Africae
428 2312 578 2374 montem
602 2296 637 2364 in
661 2293 1003 2387 fastigiumassurge-

78 2438 114 2487 re
133 2418 359 2505 undequaque
383 2419 574 2492 adstridlum
598 2425 634 2495 dt
660 2441 764 2512 teres,
788 2443 907 2492 verum
932 2440 1003 2492 tam

79 2542 224 2612 excelsa
248 2541 457 2633 altitudinis,
482 2564 522 2615 ut
538 2566 720 2633 cacumen,
744 2550 836 2634 quasi
860 2545 1003 2617 nubibus

83 2667 276 2754 insertum,
298 2672 487 2753 conspicere
510 2672 656 2759 nonsit,
680 2693 719 2740 ac
736 2690 903 2763 propterea
911 2669 1004 2740 Coeli

81 2792 282 2861 columnam
312 2790 354 2861 ab
376 2792 542 2886 indigenis
572 2796 755 2886 appellari.
794 2796 873 2888 Qo
893 2820 1002 2895 ¹sensu

86 2935 232 2996 venuste
248 2939 325 2988 sane
340 2919 463 2990 dixerit
472 2923 641 3010 Iuvenalis
655 2940 789 3013 noster,
806 2923 888 2993 olim
896 2945 1004 3014 quum

85 3062 169 3115 esset
196 3044 297 3136 longe
320 3046 431 3117 minor
445 3045 611 3118 Coelitum
635 3048 749 3138 turba,
774 3052 895 3121 minori
921 3071 1004 3136 pon·

86 3168 162 3239 dere
187 3192 328 3258 pressam
352 3170 453 3245 fuisse
470 3169 564 3245 Coeli
589 3175 797 3247 columnam:
816 3178 875 3267 sin
884 3173 1006 3243 Atlan-

86 3270 170 3359 tem·
187 3295 280 3365 nobis
311 3270 405 3367 Coeli
437 3298 585 3383 bajulum
626 3321 684 3373 aut
716 3298 875 3371 tibicinen
906 3300 1006 3372 fuisse

87 3415 328 3510 imaginemur,
354 3421 439 3491 illud
463 3427 565 3498 etiam
590 3429 759 3514 aptissime
776 3424 1007 3515 quadraveriti

665 3551 686 3619 b
709 3577 728 3618 a
