2634 3934
390 217 768 298 SATYRAX.
972 251 1030 296 121

93 372 290 471 Usquead
312 377 433 446 delicias
455 391 614 446 votorum.
635 377 705 447 Cur
720 388 845 458 tamen,
868 377 988 472 inquit,

93 497 294 587 Corripiat?
316 496 441 587 pulchra
464 494 578 586 gaudet
599 493 720 561 Latona
742 493 859 561 Diana.

96 614 178 682 Sed
201 623 286 680 vetat
306 612 407 701 optari
427 608 536 676 faciem
557 608 725 691 Lucretia,
746 612 868 699 qualem

98 727 186 821 Ipsa
208 728 328 813 habuit3
348 741 477 814 cuperet
499 724 618 792 Rutilae
633 726 776 818 Virginia
797 727 917 819 gibbum

100 839 295 935 Accipere,
316 854 410 930 atque
431 861 513 910 suam
527 840 646 909 Rutilae
666 833 758 929 dare3
779 840 857 910 'titius
878 860 983 910 autem
1029 847 1035 912 ζ

101 958 269 1048 Corporis
289 957 424 1050 egregii,
447 958 570 1028 miseros
592 960 788 1051 trepidosque
809 975 954 1048 parentes

101 1076 250 1165 Semper
265 1072 370 1139 habet.
391 1072 482 1144 Rnan
497 1090 554 1176 estx
565 1076 642 1143 adeo
663 1074 826 1144 concordia
847 1070 975 1156 forme,
1031 1127 1033 1134 .
1080 1063 1085 1068 '¹

105 1182 228 1280 Atque
249 1184 419 1279 pudicitiae!
443 1161 556 1258 sardos
579 1191 653 1257 licet
674 1190 795 1257 horrida
816 1209 918 1256 mores
1028 1195 1032 1202 '

104 1303 298 1383 Tradiderit
319 1308 445 1388 domus,
466 1323 503 1371 ac
526 1323 648 1372 veteres
662 1306 788 1400 imitata
807 1305 945 1373 Sabinos:

107 1416 274 1502 Praeterea
294 1440 412 1490 castum
433 1422 611 1514 ingenium,
634 1422 814 1514 vultumque
835 1423 974 1489 modesto
1051 1479 1060 1492 s

108 1538 271 1630 Sanguine
292 1535 464 1606 ferventem
488 1540 603 1604 tribuat
625 1556 735 1604 natura
758 1539 887 1629 benigna

106 1652 220 1741 Larga
234 1669 341 1714 manu:
364 1651 455 1736 (quid
468 1648 552 1710 enim
568 1665 666 1735 puero
678 1646 820 1712 conferre
827 1665 927 1737 potest
943 1651 1032 1737 plns',

113 1764 257 1837 Custode
277 1761 313 1830 dc
327 1778 400 1828 cura
422 1775 529 1827 natura
550 1755 708 1850 potentior
729 1762 855 1852 omni?)

114 1884 188 1953 Nou
203 1880 278 1945 licet
299 1899 363 1944 esse
386 1866 483 1945 viros:
505 1899 575 1945 nam
595 1877 724 1971 prodiga
744 1878 933 1972 corruptoria

116 1997 299 2088 Improbitas
320 1996 399 2086 ipsos
419 1996 511 2063 audet
534 2010 657 2062 tentare
679 2013 837 2086 parentes.
946 2053 948 2058 ,
1021 2009 1038 2086 ᾗ

116 2111 221 2181 Tanta
243 2113 273 2177 iu
295 2112 466 2179 muneribus
487 2111 608 2181 fiducia!
631 2113 733 2212 nullus
754 2114 903 2204 ephebum

117 2226 300 2298 Deformem
322 2243 400 2296 saeva
422 2230 567 2295 castravit
588 2229 619 2293 in
640 2249 712 2293 arce
733 2245 897 2308 tyrannus:

117 2344 185 2415 Nec
206 2357 424 2437 praetextatum
444 2345 547 2435 rapuit
569 2343 655 2413 Nero
676 2344 945 2434 loripedem,⁰neo

118 2459 327 2543 strumosum,
339 2478 431 2550 atque
439 2478 529 2527 utero
537 2462 672 2549 pariter,
685 2461 833 2550 gibboque
845 2473 1031 2527 tumentem«

121 2573 255 2655 inune,
278 2573 313 2639 dt
335 2564 451 2654 juvenis
472 2575 574 2662 specie
595 2575 704 2638 laetare
726 2576 788 2640 tui!
809 2597 900 2664 quem

120 2687 244 2784 Maiora
266 2687 442 2780 exspedant
462 2688 654 2756 discrimina?
678 2686 731 2753 fiet
751 2689 873 2755 adulter

29 2843 33 2860 ι
121 2804 279 2888 Pohlicu's,
300 2803 335 2872 dt
357 2819 464 2897 peenas
485 2822 623 2887 metuet,
644 2826 836 2895 quascunque
857 2806 975 2874 matitia

122 2919 208 2989 iratis
229 2922 339 2988 debet:
362 2943 419 2988 nee
440 2922 502 2988 erit
523 2921 644 2988 felleior
663 2939 758 2988 astro.

82 3125 85 3132 Ι
122 3036 253 3121 Martis,
268 3055 304 3106 ut
320 3038 482 3128 inlaqueot
494 3059 646 3129 nunquam
661 3037 791 3106 incidat«
812 3035 919 3131 Exigit
926 3051 1031 3106 autem

124 3151 278 3221 Interdum
299 3155 355 3222 iile
376 3154 464 3221 dolor
486 3156 572 3244 pius,
592 3175 683 3248 quam
704 3155 756 3222 lex
778 3155 841 3222 ulia‘
857 3154 959 3219 dolori

117 3264 300 3360 'Concessit3
322 3259 413 3339 necat
434 3270 492 3337 hie
506 3267 592 3366 ferro
598 3320 610 3356 ,
631 3287 714 3340 secat
736 3272 794 3352 itte
810 3268 947 3336 eruentis

125 3382 323 3469 Verberibus,
343 3387 488 3478 quosdam
510 3383 646 3460 moec'hos
667 3383 703 3453 dt
717 3385 838 3476 mugilis
848 3385 968 3457 intrat.
