2634 3934
351 250 640 326 surtran
685 241 782 348 xtu
968 283 1029 339 ης

101 398 225 479 Uritur
245 404 367 476 ardenti
386 411 448 476 duo
470 424 602 499 propter
623 407 719 472 lintea
740 404 842 471 ferro.

101 526 191 617 Qnid
212 524 316 591 suadet
338 526 444 607 juveni
467 526 556 589 laetus
577 522 709 589 stridore
730 539 869 600 catenae,

100 642 211 733 Quem
233 642 309 707 mire
331 641 468 709 afficiunt
489 638 634 729 inscripta
656 640 829 737 ergastula,
851 646 957 704 carcer

90 742 275 826 Rusticus?
297 756 470 847 exspedas,
493 772 529 822 ut
550 779 611 822 non
632 758 672 825 sit
694 758 833 825 adultera
854 751 970 848 Largae*

100 861 199 942 Filia}
221 895 292 962 quae
314 886 467 963 nunquam
490 889 643 940 maternos
664 874 766 942 dicere
788 872 934 943 moechos‘

103 980 189 1057 Tam
211 989 295 1072 cito,
324 1012 382 1057 nec
404 1007 494 1057 tanto
515 992 634 1082 poterit
654 1010 824 1060 contexere
844 1009 954 1071 cursu,

104 1100 161 1173 Ut
184 1115 256 1170 non⁴
270 1122 321 1173 ter
341 1108 441 1184 decies
462 1110 613 1199 respiret?
634 1108 755 1177 conscia
775 1096 870 1173 matri

101 1220 209 1314 Virga
230 1217 306 1291 fuit:
326 1247 411 1292 ceras
433 1249 513 1291 nunc
535 1225 591 1291 hac'
612 1223 745 1293 dictante
767 1221 891 1313 pusillas

102 1337 240 1428 Implet5
270 1338 305 1405 dt
326 1342 365 1407 ad
388 1340 546 1409 moechum
567 1339 621 1407 dat
642 1341 758 1408 eisdem
779 1334 862 1408 ferre
882 1323 1024 1406 cinaedisr

101 1453 154 1521 Sic
176 1464 284 1522 natura
306 1457 407 1539 jubet:
431 1456 582 1541 velocius,
603 1448 638 1526 dt
661 1480 762 1525 curus
784 1480 839 1524 nos

101 1569 319 1661 Corrumpunt
341 1574 486 1642 vitiorum
508 1576 650 1661 exempla
671 1574 857 1654 domestica5
878 1569 998 1662 magnis
1074 1663 1077 1669 1

101 1685 186 1753 Cum
208 1688 337 1750 subeunt
358 1689 475 1751 animos
494 1684 678 1751 auctoribus.
700 1684 795 1755 Unus
815 1684 851 1752 dt
871 1686 952 1751 alter

101 1799 243 1868 Forsitan
258 1798 325 1868 haec
344 1816 490 1891 spernant
501 1804 647 1884 juvenes,
669 1798 776 1894 quibus
789 1816 859 1868 arte
873 1801 1024 1893 benigna,

101 1916 146 1983 Et
168 1908 298 1984 meliore
320 1916 388 1986 luto
411 1917 498 1986 finxit
517 1919 687 2009 praecordia
710 1918 825 1987 Titan:

100 2026 164 2101 Sed
187 2034 320 2125 reliquos
340 2032 485 2129 fugienda
506 2054 631 2127 patrum
653 2038 783 2132 vestigia
804 2036 943 2119 ducunt,

55 2171 61 2183 ·
100 2148 145 2217 Et
168 2167 337 2218 monstrata
359 2154 410 2220 diu
434 2155 549 2221 ueteris
572 2155 667 2222 trahit
689 2156 788 2222 orbita
810 2154 927 2241 culpae.

101 2262 266 2334 Abstineas
287 2268 385 2362 igitur
406 2256 603 2337 damnandis.
633 2270 743 2350 Hujus
764 2267 848 2334 enirn
871 2265 920 2332 vel

101 2377 179 2450 Una
200 2400 311 2475 potens
332 2385 412 2453 ratio
435 2392 500 2471 est,
522 2410 562 2453 ne
582 2384 709 2454 crimina
732 2388 837 2452 nostra
855 2395 1024 2473 sequantur?

100 2496 149 2564 Ex
171 2499 255 2563 nobis
275 2504 393 2592 geniti:
415 2506 560 2592 quoniam
581 2504 695 2571 dociles
716 2502 872 2569 imitandis
1090 2484 1093 2491 Δ

101 2611 255 2704 Turpibus
275 2638 310 2681 ac
331 2617 433 2706 pravis
454 2638 560 2683 omnes
581 2627 700 2702 sumus3'
721 2615 757 2683 dt
778 2616 946 2684 Catilinam

100 2729 293 2821 Quicunque
314 2731 347 2798 in
367 2732 483 2823 populo
506 2732 624 2816 videas5
647 2744 829 2822 quocunque
851 2731 903 2798 sub
924 2753 997 2799 axe:

101 2845 160 2919 Sed
182 2870 241 2913 nec
263 2847 380 2916 Brutus
401 2850 482 2951 erit,
504 2849 595 2918 Bruti
616 2871 675 2918 nec
696 2850 861 2919 avunculus
883 2870 1020 2940 usquam

101 2960 161 3033 Nu
183 2964 263 3063 diuu
284 2963 404 3035 foedum
425 2962 552 3058 visuque
574 2967 640 3035 haec'
662 2966 768 3035 limina
791 2984 918 3059 tangat,

101 3077 186 3147 Intra
193 3104 264 3171 quae
279 3106 358 3173 puer
371 3098 420 3149 est
426 3107 437 3169 3
459 3084 567 3173 procul
582 3083 674 3166 hinc,
696 3085 805 3175 procul
821 3084 893 3153 inde
905 3084 1021 3175 puellae

101 3192 274 3283 Lemnum,
295 3198 331 3268 dc
352 3217 458 3267 cantus
478 3199 683 3291 pernodantis
705 3201 846 3292 parasiti.

101 3310 239 3380 Maxima
260 3316 389 3386 debetur
409 3340 507 3409 puero
528 3311 720 3387 reverentia.
743 3318 777 3385 Si
798 3308 892 3406 quid,

101 3422 210 3522 Turpe
231 3454 337 3524 paras,
360 3458 417 3505 nec
440 3453 475 3505 tu
497 3435 587 3530 pueri
607 3434 940 3507 contemseris'annos:
