2634 3934
367 285 756 367 surruuu.
981 323 1021 381 n

86 445 285 544 Exemplum
305 447 339 518 iu
361 438 467 519 nostro
489 464 555 515 tam
576 446 758 516 detestabile
779 469 870 515 sexu.

85 568 211 638 Taedia
233 592 294 637 non
316 566 421 635 lambit
443 562 609 645 Cluuiam,
630 588 688 632 nec
710 566 801 633 Flora
823 564 999 634 Catullum:

86 686 215 779 Hippo
236 684 314 754 subit
336 688 484 767 juvenes,
506 678 542 747 ὃ(
564 681 668 747 morbo
687 681 784 771 pallet
807 672 957 774 utroque.

85 801 246 895 Numquid
270 822 325 867 nos
347 797 464 890 agimus
485 816 621 879 caussas,
640 796 741 865 ciuilia
762 801 827 880 jura

85 906 272 999 Novimus,
293 929 346 981 aut
368 913 432 981 ullo
455 914 587 1005 strepitu
608 910 675 983 fora
698 934 798 983 vestra
821 911 1010 985 movemus?

85 1028 276 1102 Luctantur
299 1053 418 1122 paucae:
442 1032 607 1099 comedunt
630 1032 763 1123 coliphia
785 1052 907 1120 paucae.

85 1149 174 1222 Vos
195 1149 295 1215 lanam
317 1148 458 1233 trahitis,
481 1148 670 1238 calathisque
692 1145 812 1239 peraeia
835 1141 959 1214 refertis

87 1264 251 1336 Vellera:
274 1289 328 1333 vos
351 1266 438 1333 tenui
460 1280 678 1357 praegnantem
700 1265 832 1330 stamine
852 1259 952 1330 fusum
1008 1258 1011 1263 ’

88 1376 261 1472 Penelope
283 1381 529 1465 melius,levius
551 1378 704 1470 torquetis
726 1375 892 1464 Arachne,

91 1496 243 1566 Horrida
265 1498 358 1593 quale
379 1496 454 1565 facit
475 1498 611 1565 residens
632 1500 665 1563 in
686 1499 793 1566 codice
815 1497 949 1587 pellex„
1008 1492 1013 1499 ’

160 1613 277 1682 Notum
300 1630 369 1695 est,
389 1638 445 1681 cur
467 1615 531 1679 solo
551 1615 668 1677 tabulas
689 1614 866 1700 impleverit
889 1611 1005 1676 Hister

3 1706 5 1747 l
92 1725 254 1806 Liberto,
274 1727 398 1790 dederit
421 1725 506 1787 vivus
526 1742 582 1785 cur
604 1722 702 1785 multa
723 1723 854 1810 puellae·
956 1709 958 1712 ’

96 1845 207 1913 Dives
228 1839 311 1920 erit,
334 1859 447 1929 magno
466 1854 536 1926 quae
557 1836 672 1904 dormit
694 1836 788 1904 tertia
809 1834 903 1904 leelo.

98 1956 161 2028 Tu
174 1958 284 2039 nube,
307 1972 400 2043 atque
422 1970 507 2021 tace:
530 1951 645 2023 donant
665 1976 775 2051 arcana
796 1954 967 2035 cylindros.

98 2075 161 2144 De
181 2073 266 2140 nohis
286 2068 422 2162 posthac
444 2071 542 2137 tristis
563 2072 717 2139 sententia
739 2069 859 2139 fertur.

100 2191 181 2260 Dm
203 2188 323 2256 ueniam
343 2172 461 2271 curuis,
484 2204 575 2254 vexat
596 2210 726 2255 censura
739 2188 916 2282 columbas.

99 2307 264 2399 Fugerunt
286 2304 399 2395 trepidi
420 2324 512 2387 vera,
533 2327 570 2372 ac
591 2301 753 2372 manifesta
775 2322 938 2373 canentem

101 2420 268 2492 Stoicidae.
288 2420 375 2512 Quid
390 2412 570 2489 'enim'falsi
591 2419 748 2491 Laronia?
770 2421 823 2489 sed
844 2422 916 2512 quid

103 2537 179 2607 Non
201 2534 316 2604 facient
337 2538 410 2621 alii,
430 2560 503 2605 cum
525 2555 560 2604 tu
582 2539 720 2606 multicia
741 2561 840 2604 sumas

103 2653 258 2724 Cretico?
280 2649 314 2718 dt
335 2652 413 2719 hanc
433 2670 552 2719 vestem
575 2653 689 2742 populo
712 2654 844 2719 mirante
866 2676 991 2745 perores

106 2766 143 2839 In
166 2768 333 2850 Proculas,
354 2766 389 2835 dr
412 2764 562 2835 Pollitasl
585 2784 633 2835 est
655 2769 776 2839 moecha
799 2769 944 2840 Fabulla.

106 2884 303 2967 Damoetur,
325 2883 348 2949 si
371 2885 434 2968 vis,
456 2886 550 2950 etiam
570 2884 725 2955 Carfinia:
749 2887 844 2954 talem

106 3000 177 3072 llon
201 3016 300 3068 sumet
320 3000 463 3069 damnata
485 3017 610 3093 togam.
632 3002 693 3070 Sed
715 3002 809 3090 Julius
829 3006 939 3088 ardet,
1009 3036 1012 3041 ⁴

106 3115 242 3186 AEstuo.
266 3114 373 3185 Nudus
394 3140 483 3211 ogas:
506 3120 604 3187 minus
625 3137 674 3186 est
694 3121 807 3188 insania
829 3123 945 3211 turpis,

107 3231 158 3302 En
178 3234 333 3317 habiturn,
354 3258 415 3326 quo
438 3253 471 3302 te
493 3236 598 3328 leges,
619 3260 657 3304 ac
675 3241 741 3320 jura
763 3237 945 3319 ferentem,

107 3349 295 3421 Vulneribus
314 3353 414 3421 erudis
434 3353 564 3445 populus
585 3355 676 3423 modo
698 3355 811 3436 vidior,
833 3350 868 3422 ὃ(
889 3350 965 3420 illud

107 3464 301 3565 Montanum
318 3470 423 3562 positis
457 3470 576 3540 audiret
599 3472 707 3564 vulgus
727 3468 853 3542 aratris.
997 3450 1000 3457 “
