<?xml version="1.0" encoding="UTF-8"?>
<!DOCTYPE html PUBLIC "-//W3C//DTD XHTML 1.0 Transitional//EN"
    "http://www.w3.org/TR/xhtml1/DTD/xhtml1-transitional.dtd">
<html xmlns="http://www.w3.org/1999/xhtml" xml:lang="en" lang="en">
 <head>
  <title>
</title>
<meta http-equiv="Content-Type" content="text/html;charset=utf-8" />
  <meta name='ocr-system' content='tesseract 3.04.00' />
  <meta name='ocr-capabilities' content='ocr_page ocr_carea ocr_par ocr_line ocrx_word'/>
</head>
<body>
  <div class='ocr_page' id='page_1' title='image "./djuniijuvenalis00casagoog_0197.png"; bbox 0 0 2634 3934; ppageno 0'>
   <div class='ocr_carea' id='block_1_1' title="bbox 303 221 1054 337">
    <p class='ocr_par' dir='ltr' id='par_1_1' title="bbox 303 221 1054 337">
     <span class='ocr_line' id='line_1_1' title="bbox 303 221 1054 337; baseline -0.005 -41"><span class='ocrx_word' id='word_1_1' title='bbox 303 221 795 337; x_wconf 57' lang='lat' dir='ltr'>›susuuuxu</span> <span class='ocrx_word' id='word_1_2' title='bbox 955 249 1054 314; x_wconf 42' lang='grc' dir='ltr'>ἠς</span> 
     </span>
    </p>
   </div>
   <div class='ocr_carea' id='block_1_2' title="bbox 133 374 1042 1283">
    <p class='ocr_par' dir='ltr' id='par_1_2' title="bbox 133 374 1042 1283">
     <span class='ocr_line' id='line_1_2' title="bbox 141 374 956 460; baseline -0.002 -13"><span class='ocrx_word' id='word_1_3' title='bbox 141 376 289 447; x_wconf 84' lang='lat' dir='ltr'>Adde&amp;</span> <span class='ocrx_word' id='word_1_4' title='bbox 311 377 485 460; x_wconf 79' lang='lat' dir='ltr'>bascaudas,</span> <span class='ocrx_word' id='word_1_5' title='bbox 506 374 541 443; x_wconf 78' lang='lat' dir='ltr'>dt</span> <span class='ocrx_word' id='word_1_6' title='bbox 562 376 650 442; x_wconf 88' lang='lat' dir='ltr'>mille</span> <span class='ocrx_word' id='word_1_7' title='bbox 671 375 803 458; x_wconf 78' lang='lat' dir='ltr'>escaria,</span> <span class='ocrx_word' id='word_1_8' title='bbox 824 378 956 445; x_wconf 87' lang='lat' dir='ltr'>multum</span> 
     </span>
     <span class='ocr_line' id='line_1_3' title="bbox 140 491 1042 584; baseline -0.01 -18"><span class='ocrx_word' id='word_1_9' title='bbox 140 495 274 577; x_wconf 80' lang='lat' dir='ltr'>Caelati,</span> <span class='ocrx_word' id='word_1_10' title='bbox 296 495 409 562; x_wconf 82' lang='lat' dir='ltr'>biberat</span> <span class='ocrx_word' id='word_1_11' title='bbox 432 518 495 584; x_wconf 89' lang='lat' dir='ltr'>quo</span> <span class='ocrx_word' id='word_1_12' title='bbox 515 493 643 557; x_wconf 79' lang='lat' dir='ltr'>callidus</span> <span class='ocrx_word' id='word_1_13' title='bbox 665 510 765 558; x_wconf 88' lang='lat' dir='ltr'>emtor</span> <span class='ocrx_word' id='word_1_14' title='bbox 787 491 939 573; x_wconf 82' lang='lat' dir='ltr'><strong>Olynthi.</strong></span> <span class='ocrx_word' id='word_1_15' title='bbox 1037 543 1042 558; x_wconf 89' lang='lat'><strong>.</strong></span> 
     </span>
     <span class='ocr_line' id='line_1_4' title="bbox 139 599 995 702; baseline -0.005 -22"><span class='ocrx_word' id='word_1_16' title='bbox 139 610 200 680; x_wconf 84' lang='lat' dir='ltr'>Sed</span> <span class='ocrx_word' id='word_1_17' title='bbox 211 615 277 702; x_wconf 86' lang='lat' dir='ltr'>quis</span> <span class='ocrx_word' id='word_1_18' title='bbox 289 635 369 678; x_wconf 89' lang='lat' dir='ltr'>nunc</span> <span class='ocrx_word' id='word_1_19' title='bbox 383 610 479 690; x_wconf 84' lang='lat' dir='ltr'>alius,</span> <span class='ocrx_word' id='word_1_20' title='bbox 500 599 560 697; x_wconf 81' lang='lat' dir='ltr'>qua</span> <span class='ocrx_word' id='word_1_21' title='bbox 574 607 679 678; x_wconf 83' lang='lat' dir='ltr'>mundi</span> <span class='ocrx_word' id='word_1_22' title='bbox 693 626 801 697; x_wconf 77' lang='lat' dir='ltr'>pmte,</span> <span class='ocrx_word' id='word_1_23' title='bbox 822 610 889 700; x_wconf 82' lang='lat' dir='ltr'>quis</span> <span class='ocrx_word' id='word_1_24' title='bbox 899 609 995 683; x_wconf 81' lang='lat' dir='ltr'>audet</span> 
     </span>
     <span class='ocr_line' id='line_1_5' title="bbox 133 724 988 834; baseline -0.002 -37"><span class='ocrx_word' id='word_1_25' title='bbox 133 724 285 834; x_wconf 72' lang='lat' dir='ltr'>¹Argento</span> <span class='ocrx_word' id='word_1_26' title='bbox 307 724 455 817; x_wconf 66' lang='lat' dir='ltr'>praeferre</span> <span class='ocrx_word' id='word_1_27' title='bbox 476 740 586 814; x_wconf 82' lang='lat' dir='ltr'>caput,</span> <span class='ocrx_word' id='word_1_28' title='bbox 609 724 757 815; x_wconf 75' lang='lat' dir='ltr'>rebusque</span> <span class='ocrx_word' id='word_1_29' title='bbox 778 728 930 796; x_wconf 77' lang='lat' dir='ltr'>salutem?</span> <span class='ocrx_word' id='word_1_30' title='bbox 986 801 988 810; x_wconf 29' lang='lat'><strong><em>¹</em></strong></span> 
     </span>
     <span class='ocr_line' id='line_1_6' title="bbox 136 839 980 935; baseline -0.004 -22"><span class='ocrx_word' id='word_1_31' title='bbox 136 843 210 914; x_wconf 86' lang='lat' dir='ltr'>Non</span> <span class='ocrx_word' id='word_1_32' title='bbox 231 861 362 933; x_wconf 90' lang='lat' dir='ltr'>propter</span> <span class='ocrx_word' id='word_1_33' title='bbox 382 844 475 909; x_wconf 81' lang='lat' dir='ltr'>vitam</span> <span class='ocrx_word' id='word_1_34' title='bbox 496 839 611 909; x_wconf 82' lang='lat' dir='ltr'>faciunt</span> <span class='ocrx_word' id='word_1_35' title='bbox 631 843 816 932; x_wconf 81' lang='lat' dir='ltr'>patrimonia</span> <span class='ocrx_word' id='word_1_36' title='bbox 838 844 980 935; x_wconf 78' lang='lat' dir='ltr'>quidam,</span> 
     </span>
     <span class='ocr_line' id='line_1_7' title="bbox 133 960 895 1052; baseline -0.004 -25"><span class='ocrx_word' id='word_1_37' title='bbox 133 960 198 1027; x_wconf 85' lang='lat' dir='ltr'>Sed</span> <span class='ocrx_word' id='word_1_38' title='bbox 215 960 296 1030; x_wconf 65' lang='lat' dir='ltr'>‚vitio</span> <span class='ocrx_word' id='word_1_39' title='bbox 316 960 395 1026; x_wconf 87' lang='lat' dir='ltr'>coeci</span> <span class='ocrx_word' id='word_1_40' title='bbox 416 977 544 1049; x_wconf 87' lang='lat' dir='ltr'>propter</span> <span class='ocrx_word' id='word_1_41' title='bbox 565 960 748 1052; x_wconf 74' lang='lat' dir='ltr'>patrimonia</span> <span class='ocrx_word' id='word_1_42' title='bbox 771 962 895 1048; x_wconf 81' lang='lat' dir='ltr'>vivunt.</span> 
     </span>
     <span class='ocr_line' id='line_1_8' title="bbox 134 1053 950 1167; baseline 0.001 -27"><span class='ocrx_word' id='word_1_43' title='bbox 134 1074 272 1162; x_wconf 74' lang='lat' dir='ltr'>Jattatur</span> <span class='ocrx_word' id='word_1_44' title='bbox 292 1053 395 1141; x_wconf 73' lang='lat' dir='ltr'>rerum</span> <span class='ocrx_word' id='word_1_45' title='bbox 418 1077 538 1143; x_wconf 85' lang='lat' dir='ltr'>utilium</span> <span class='ocrx_word' id='word_1_46' title='bbox 559 1100 629 1167; x_wconf 79' lang='lat' dir='ltr'>pars</span> <span class='ocrx_word' id='word_1_47' title='bbox 649 1082 796 1146; x_wconf 75' lang='lat' dir='ltr'>maximat</span> <span class='ocrx_word' id='word_1_48' title='bbox 818 1076 871 1145; x_wconf 89' lang='lat' dir='ltr'>sed</span> <span class='ocrx_word' id='word_1_49' title='bbox 893 1097 950 1144; x_wconf 85' lang='lat' dir='ltr'>uec</span> 
     </span>
     <span class='ocr_line' id='line_1_9' title="bbox 133 1188 1006 1283; baseline 0.006 -26"><span class='ocrx_word' id='word_1_50' title='bbox 133 1190 257 1257; x_wconf 83' lang='lat' dir='ltr'>Damna</span> <span class='ocrx_word' id='word_1_51' title='bbox 278 1192 398 1258; x_wconf 82' lang='lat' dir='ltr'>levant.</span> <span class='ocrx_word' id='word_1_52' title='bbox 421 1190 536 1273; x_wconf 91' lang='lat' dir='ltr'>Tunc,</span> <span class='ocrx_word' id='word_1_53' title='bbox 557 1193 690 1259; x_wconf 80' lang='lat' dir='ltr'>adversis</span> <span class='ocrx_word' id='word_1_54' title='bbox 712 1192 910 1283; x_wconf 86' lang='lat' dir='ltr'>urgentibus,</span> <span class='ocrx_word' id='word_1_55' title='bbox 932 1188 1006 1262; x_wconf 87' lang='lat' dir='ltr'>illuc</span> 
     </span>
    </p>
   </div>
   <div class='ocr_carea' id='block_1_3' title="bbox 42 1305 1079 1391">
    <p class='ocr_par' dir='ltr' id='par_1_3' title="bbox 42 1305 1079 1391">
     <span class='ocr_line' id='line_1_10' title="bbox 42 1305 1079 1391; baseline 0.007 -19"><span class='ocrx_word' id='word_1_56' title='bbox 42 1328 46 1333; x_wconf 81' lang='grc'><strong>’</strong></span> <span class='ocrx_word' id='word_1_57' title='bbox 133 1306 281 1389; x_wconf 84' lang='lat' dir='ltr'>Recidit,</span> <span class='ocrx_word' id='word_1_58' title='bbox 300 1326 337 1374; x_wconf 88' lang='lat' dir='ltr'>ut</span> <span class='ocrx_word' id='word_1_59' title='bbox 358 1309 472 1373; x_wconf 86' lang='lat' dir='ltr'>malum</span> <span class='ocrx_word' id='word_1_60' title='bbox 494 1305 578 1374; x_wconf 87' lang='lat' dir='ltr'>ferro</span> <span class='ocrx_word' id='word_1_61' title='bbox 600 1308 826 1391; x_wconf 83' lang='lat' dir='ltr'>summitteret,</span> <span class='ocrx_word' id='word_1_62' title='bbox 847 1332 883 1376; x_wconf 86' lang='lat' dir='ltr'>ac</span> <span class='ocrx_word' id='word_1_63' title='bbox 902 1330 935 1378; x_wconf 82' lang='lat' dir='ltr'>se</span> <span class='ocrx_word' id='word_1_64' title='bbox 962 1373 967 1378; x_wconf 91' lang='lat'>.</span> <span class='ocrx_word' id='word_1_65' title='bbox 1075 1352 1079 1361; x_wconf 94' lang='lat'>·</span> 
     </span>
    </p>
   </div>
   <div class='ocr_carea' id='block_1_4' title="bbox 127 1414 1039 2207">
    <p class='ocr_par' dir='ltr' id='par_1_4' title="bbox 130 1414 1039 1623">
     <span class='ocr_line' id='line_1_11' title="bbox 131 1414 1039 1516; baseline 0.001 -27"><span class='ocrx_word' id='word_1_66' title='bbox 131 1421 276 1513; x_wconf 78' lang='lat' dir='ltr'>Explicat</span> <span class='ocrx_word' id='word_1_67' title='bbox 299 1414 481 1516; x_wconf 84' lang='lat' dir='ltr'>angustum,</span> <span class='ocrx_word' id='word_1_68' title='bbox 502 1425 683 1492; x_wconf 84' lang='lat' dir='ltr'>discriminis</span> <span class='ocrx_word' id='word_1_69' title='bbox 705 1427 812 1493; x_wconf 83' lang='lat' dir='ltr'>ultima</span> <span class='ocrx_word' id='word_1_70' title='bbox 824 1424 956 1515; x_wconf 78' lang='lat' dir='ltr'>‚quaudo</span> <span class='ocrx_word' id='word_1_71' title='bbox 1026 1458 1039 1470; x_wconf 45' lang='lat' dir='ltr'>‘f</span> 
     </span>
     <span class='ocr_line' id='line_1_12' title="bbox 130 1538 926 1623; baseline -0.004 -15"><span class='ocrx_word' id='word_1_72' title='bbox 130 1538 278 1608; x_wconf 80' lang='lat' dir='ltr'>Praesidia</span> <span class='ocrx_word' id='word_1_73' title='bbox 299 1541 471 1623; x_wconf 81' lang='lat' dir='ltr'>afferimus,</span> <span class='ocrx_word' id='word_1_74' title='bbox 494 1566 601 1608; x_wconf 86' lang='lat' dir='ltr'>navem</span> <span class='ocrx_word' id='word_1_75' title='bbox 624 1540 737 1608; x_wconf 76' lang='lat' dir='ltr'>fabium</span> <span class='ocrx_word' id='word_1_76' title='bbox 759 1543 926 1608; x_wconf 85' lang='lat' dir='ltr'>minorem.</span> 
     </span>
    </p>

    <p class='ocr_par' dir='ltr' id='par_1_5' title="bbox 127 1636 1012 2207">
     <span class='ocr_line' id='line_1_13' title="bbox 130 1636 941 1733; baseline -0.005 -14"><span class='ocrx_word' id='word_1_77' title='bbox 130 1653 148 1720; x_wconf 96' lang='lat' dir='ltr'>I</span> <span class='ocrx_word' id='word_1_78' title='bbox 170 1677 271 1733; x_wconf 88' lang='lat' dir='ltr'>nunc,</span> <span class='ocrx_word' id='word_1_79' title='bbox 291 1655 327 1717; x_wconf 73' lang='grc' dir='ltr'>ὃ(</span> <span class='ocrx_word' id='word_1_80' title='bbox 351 1658 452 1718; x_wconf 82' lang='lat' dir='ltr'>ventis</span> <span class='ocrx_word' id='word_1_81' title='bbox 474 1654 605 1717; x_wconf 78' lang='lat' dir='ltr'>ammam</span> <span class='ocrx_word' id='word_1_82' title='bbox 619 1636 814 1731; x_wconf 79' lang='lat' dir='ltr'>committe,</span> <span class='ocrx_word' id='word_1_83' title='bbox 836 1653 941 1717; x_wconf 85' lang='lat' dir='ltr'>dolato</span> 
     </span>
     <span class='ocr_line' id='line_1_14' title="bbox 129 1743 955 1859; baseline -0.008 -22"><span class='ocrx_word' id='word_1_84' title='bbox 129 1743 272 1838; x_wconf 87' lang='lat' dir='ltr'>Confisus</span> <span class='ocrx_word' id='word_1_85' title='bbox 295 1766 399 1858; x_wconf 83' lang='lat' dir='ltr'>ligno,</span> <span class='ocrx_word' id='word_1_86' title='bbox 421 1766 525 1859; x_wconf 82' lang='lat' dir='ltr'>digitis</span> <span class='ocrx_word' id='word_1_87' title='bbox 547 1792 565 1833; x_wconf 85' lang='lat' dir='ltr'>a</span> <span class='ocrx_word' id='word_1_88' title='bbox 587 1783 689 1833; x_wconf 85' lang='lat' dir='ltr'>morte</span> <span class='ocrx_word' id='word_1_89' title='bbox 711 1782 847 1832; x_wconf 85' lang='lat' dir='ltr'>remotus</span> <span class='ocrx_word' id='word_1_90' title='bbox 952 1755 955 1762; x_wconf 35' lang='lat'>¹</span> 
     </span>
     <span class='ocr_line' id='line_1_15' title="bbox 127 1882 1012 1977; baseline 0 -27"><span class='ocrx_word' id='word_1_91' title='bbox 127 1887 292 1977; x_wconf 78' lang='lat' dir='ltr'>Quatuor,</span> <span class='ocrx_word' id='word_1_92' title='bbox 314 1900 368 1951; x_wconf 87' lang='lat' dir='ltr'>aut</span> <span class='ocrx_word' id='word_1_93' title='bbox 387 1901 528 1974; x_wconf 85' lang='lat' dir='ltr'>septem,</span> <span class='ocrx_word' id='word_1_94' title='bbox 548 1884 573 1949; x_wconf 90' lang='lat' dir='ltr'>si</span> <span class='ocrx_word' id='word_1_95' title='bbox 595 1883 634 1974; x_wconf 79' lang='lat' dir='ltr'>sit</span> <span class='ocrx_word' id='word_1_96' title='bbox 657 1883 801 1952; x_wconf 78' lang='lat' dir='ltr'>ldtissima</span> <span class='ocrx_word' id='word_1_97' title='bbox 825 1882 921 1956; x_wconf 71' lang='lat' dir='ltr'>teda!</span> <span class='ocrx_word' id='word_1_98' title='bbox 956 1947 959 1954; x_wconf 81' lang='grc'>,</span> <span class='ocrx_word' id='word_1_99' title='bbox 1010 1961 1012 1972; x_wconf 31' lang='grc' dir='ltr'>Ι</span> 
     </span>
     <span class='ocr_line' id='line_1_16' title="bbox 129 1981 980 2094; baseline 0.004 -25"><span class='ocrx_word' id='word_1_100' title='bbox 129 1981 213 2069; x_wconf 69' lang='lat' dir='ltr'>Mox</span> <span class='ocrx_word' id='word_1_101' title='bbox 233 2022 306 2067; x_wconf 90' lang='lat' dir='ltr'>cum</span> <span class='ocrx_word' id='word_1_102' title='bbox 328 2002 482 2085; x_wconf 88' lang='lat' dir='ltr'>reticulis,</span> <span class='ocrx_word' id='word_1_103' title='bbox 504 2000 539 2070; x_wconf 79' lang='lat' dir='ltr'>dc</span> <span class='ocrx_word' id='word_1_104' title='bbox 553 1985 632 2091; x_wconf 77' lang='lat' dir='ltr'>pane</span> <span class='ocrx_word' id='word_1_105' title='bbox 643 2050 654 2082; x_wconf 91' lang='lat'>,</span> <span class='ocrx_word' id='word_1_106' title='bbox 677 2001 711 2070; x_wconf 84' lang='lat'>&amp;</span> <span class='ocrx_word' id='word_1_107' title='bbox 727 2018 837 2070; x_wconf 85' lang='lat' dir='ltr'>ventre</span> <span class='ocrx_word' id='word_1_108' title='bbox 858 2002 980 2094; x_wconf 78' lang='lat' dir='ltr'>lageuae</span> 
     </span>
     <span class='ocr_line' id='line_1_17' title="bbox 129 2115 878 2207; baseline -0.003 -22"><span class='ocrx_word' id='word_1_109' title='bbox 129 2115 267 2207; x_wconf 87' lang='lat' dir='ltr'>Adspice</span> <span class='ocrx_word' id='word_1_110' title='bbox 288 2120 446 2185; x_wconf 85' lang='lat' dir='ltr'>sumendas</span> <span class='ocrx_word' id='word_1_111' title='bbox 468 2120 499 2184; x_wconf 90' lang='lat' dir='ltr'>in</span> <span class='ocrx_word' id='word_1_112' title='bbox 522 2135 709 2207; x_wconf 83' lang='lat' dir='ltr'>tempestate</span> <span class='ocrx_word' id='word_1_113' title='bbox 731 2119 878 2184; x_wconf 81' lang='lat' dir='ltr'>secuceis.</span> 
     </span>
    </p>
   </div>
   <div class='ocr_carea' id='block_1_5' title="bbox 127 2235 1141 2325">
    <p class='ocr_par' dir='ltr' id='par_1_6' title="bbox 127 2235 1141 2325">
     <span class='ocr_line' id='line_1_18' title="bbox 127 2235 1141 2325; baseline 0.001 -23"><span class='ocrx_word' id='word_1_114' title='bbox 127 2235 189 2302; x_wconf 81' lang='lat' dir='ltr'>Sed</span> <span class='ocrx_word' id='word_1_115' title='bbox 201 2250 360 2325; x_wconf 79' lang='lat' dir='ltr'>postquam</span> <span class='ocrx_word' id='word_1_116' title='bbox 374 2236 467 2317; x_wconf 82' lang='lat' dir='ltr'>jacuit</span> <span class='ocrx_word' id='word_1_117' title='bbox 482 2235 607 2324; x_wconf 82' lang='lat' dir='ltr'>planum</span> <span class='ocrx_word' id='word_1_118' title='bbox 617 2254 701 2299; x_wconf 84' lang='lat' dir='ltr'>mare</span> <span class='ocrx_word' id='word_1_119' title='bbox 710 2284 721 2316; x_wconf 95' lang='lat'>,</span> <span class='ocrx_word' id='word_1_120' title='bbox 735 2249 877 2320; x_wconf 73' lang='lat' dir='ltr'>tempera</span> <span class='ocrx_word' id='word_1_121' title='bbox 883 2248 1041 2322; x_wconf 81' lang='lat' dir='ltr'>postquam</span> <span class='ocrx_word' id='word_1_122' title='bbox 1134 2273 1141 2290; x_wconf 79' lang='lat'>=</span> 
     </span>
    </p>
   </div>
   <div class='ocr_carea' id='block_1_6' title="bbox 123 2347 1036 3496">
    <p class='ocr_par' dir='ltr' id='par_1_7' title="bbox 126 2347 919 2440">
     <span class='ocr_line' id='line_1_19' title="bbox 126 2347 919 2440; baseline -0.003 -22"><span class='ocrx_word' id='word_1_123' title='bbox 126 2349 276 2440; x_wconf 83' lang='lat' dir='ltr'>Prospera</span> <span class='ocrx_word' id='word_1_124' title='bbox 298 2352 442 2433; x_wconf 73' lang='lat' dir='ltr'>vectoris,</span> <span class='ocrx_word' id='word_1_125' title='bbox 464 2348 622 2440; x_wconf 79' lang='lat' dir='ltr'>fatumque</span> <span class='ocrx_word' id='word_1_126' title='bbox 645 2350 794 2420; x_wconf 78' lang='lat' dir='ltr'>valentius</span> <span class='ocrx_word' id='word_1_127' title='bbox 813 2347 919 2431; x_wconf 83' lang='lat' dir='ltr'>Eum,</span> 
     </span>
    </p>

    <p class='ocr_par' dir='ltr' id='par_1_8' title="bbox 124 2466 1036 3144">
     <span class='ocr_line' id='line_1_20' title="bbox 125 2466 1036 2557; baseline 0 -24"><span class='ocrx_word' id='word_1_128' title='bbox 125 2466 171 2533; x_wconf 92' lang='lat' dir='ltr'>Et</span> <span class='ocrx_word' id='word_1_129' title='bbox 194 2468 323 2555; x_wconf 82' lang='lat' dir='ltr'>pelago,</span> <span class='ocrx_word' id='word_1_130' title='bbox 345 2487 504 2557; x_wconf 86' lang='lat' dir='ltr'>postquam</span> <span class='ocrx_word' id='word_1_131' title='bbox 527 2468 633 2532; x_wconf 81' lang='lat' dir='ltr'>Patcae</span> <span class='ocrx_word' id='word_1_132' title='bbox 656 2469 784 2534; x_wconf 79' lang='lat' dir='ltr'>meliora</span> <span class='ocrx_word' id='word_1_133' title='bbox 807 2466 939 2556; x_wconf 81' lang='lat' dir='ltr'>benigna</span> <span class='ocrx_word' id='word_1_134' title='bbox 1026 2490 1036 2517; x_wconf 81' lang='grc'>’-</span> 
     </span>
     <span class='ocr_line' id='line_1_21' title="bbox 124 2579 926 2661; baseline -0.005 -11"><span class='ocrx_word' id='word_1_135' title='bbox 124 2581 226 2650; x_wconf 78' lang='lat' dir='ltr'>Pensa</span> <span class='ocrx_word' id='word_1_136' title='bbox 248 2601 340 2645; x_wconf 81' lang='lat' dir='ltr'>manu</span> <span class='ocrx_word' id='word_1_137' title='bbox 362 2583 479 2647; x_wconf 86' lang='lat' dir='ltr'>ducuut</span> <span class='ocrx_word' id='word_1_138' title='bbox 502 2581 630 2661; x_wconf 85' lang='lat' dir='ltr'>hilares,</span> <span class='ocrx_word' id='word_1_139' title='bbox 651 2579 695 2658; x_wconf 72' lang='lat' dir='ltr'>tic,</span> <span class='ocrx_word' id='word_1_140' title='bbox 709 2581 845 2644; x_wconf 82' lang='lat' dir='ltr'>staminis</span> <span class='ocrx_word' id='word_1_141' title='bbox 865 2581 926 2646; x_wconf 76' lang='lat' dir='ltr'>eibi</span> 
     </span>
     <span class='ocr_line' id='line_1_22' title="bbox 125 2692 890 2766; baseline -0.004 -1"><span class='ocrx_word' id='word_1_142' title='bbox 125 2696 289 2766; x_wconf 83' lang='lat' dir='ltr'>Lanificae:</span> <span class='ocrx_word' id='word_1_143' title='bbox 311 2697 429 2762; x_wconf 87' lang='lat' dir='ltr'>modica</span> <span class='ocrx_word' id='word_1_144' title='bbox 453 2718 509 2762; x_wconf 90' lang='lat' dir='ltr'>nec</span> <span class='ocrx_word' id='word_1_145' title='bbox 532 2695 662 2764; x_wconf 88' lang='lat' dir='ltr'>multum</span> <span class='ocrx_word' id='word_1_146' title='bbox 684 2692 795 2761; x_wconf 87' lang='lat' dir='ltr'>fortior</span> <span class='ocrx_word' id='word_1_147' title='bbox 813 2717 890 2762; x_wconf 76' lang='lat' dir='ltr'>aura</span> 
     </span>
     <span class='ocr_line' id='line_1_23' title="bbox 125 2812 924 2904; baseline -0.005 -20"><span class='ocrx_word' id='word_1_148' title='bbox 125 2814 249 2884; x_wconf 88' lang='lat' dir='ltr'>Ventus</span> <span class='ocrx_word' id='word_1_149' title='bbox 271 2813 373 2881; x_wconf 84' lang='lat' dir='ltr'>adest:</span> <span class='ocrx_word' id='word_1_150' title='bbox 396 2814 480 2903; x_wconf 80' lang='lat' dir='ltr'>inopi</span> <span class='ocrx_word' id='word_1_151' title='bbox 501 2812 677 2904; x_wconf 75' lang='lat' dir='ltr'>misetabilis</span> <span class='ocrx_word' id='word_1_152' title='bbox 697 2828 766 2878; x_wconf 83' lang='lat' dir='ltr'>arte</span> <span class='ocrx_word' id='word_1_153' title='bbox 788 2813 924 2880; x_wconf 84' lang='lat' dir='ltr'>cucurrit</span> 
     </span>
     <span class='ocr_line' id='line_1_24' title="bbox 125 2928 1015 3018; baseline -0.006 -17"><span class='ocrx_word' id='word_1_154' title='bbox 125 2931 272 3001; x_wconf 85' lang='lat' dir='ltr'>Vestibus</span> <span class='ocrx_word' id='word_1_155' title='bbox 294 2930 447 3012; x_wconf 84' lang='lat' dir='ltr'>extentis,</span> <span class='ocrx_word' id='word_1_156' title='bbox 469 2928 524 3013; x_wconf 70' lang='grc' dir='ltr'>ἃ,</span> <span class='ocrx_word' id='word_1_157' title='bbox 546 2929 627 3018; x_wconf 90' lang='lat' dir='ltr'>quod</span> <span class='ocrx_word' id='word_1_158' title='bbox 650 2948 866 3018; x_wconf 72' lang='lat' dir='ltr'>superaverat,</span> <span class='ocrx_word' id='word_1_159' title='bbox 888 2951 1015 3011; x_wconf 82' lang='lat' dir='ltr'>uuum,</span> 
     </span>
     <span class='ocr_line' id='line_1_25' title="bbox 124 3035 893 3144; baseline -0.005 -28"><span class='ocrx_word' id='word_1_160' title='bbox 124 3045 208 3116; x_wconf 88' lang='lat' dir='ltr'>Vclo</span> <span class='ocrx_word' id='word_1_161' title='bbox 229 3070 320 3138; x_wconf 88' lang='lat' dir='ltr'>prora</span> <span class='ocrx_word' id='word_1_162' title='bbox 341 3069 411 3144; x_wconf 84' lang='lat' dir='ltr'>suo:</span> <span class='ocrx_word' id='word_1_163' title='bbox 436 3050 497 3130; x_wconf 82' lang='lat' dir='ltr'>jum</span> <span class='ocrx_word' id='word_1_164' title='bbox 518 3044 726 3114; x_wconf 88' lang='lat' dir='ltr'>deficientibus</span> <span class='ocrx_word' id='word_1_165' title='bbox 749 3035 893 3129; x_wconf 71' lang='lat' dir='ltr'>Austris,</span> 
     </span>
    </p>

    <p class='ocr_par' dir='ltr' id='par_1_9' title="bbox 123 3160 1029 3496">
     <span class='ocr_line' id='line_1_26' title="bbox 123 3160 920 3256; baseline 0.003 -29"><span class='ocrx_word' id='word_1_166' title='bbox 123 3160 199 3251; x_wconf 85' lang='lat' dir='ltr'>Spes</span> <span class='ocrx_word' id='word_1_167' title='bbox 220 3166 294 3231; x_wconf 80' lang='lat' dir='ltr'>vitae</span> <span class='ocrx_word' id='word_1_168' title='bbox 314 3187 384 3231; x_wconf 90' lang='lat' dir='ltr'>cum</span> <span class='ocrx_word' id='word_1_169' title='bbox 406 3166 471 3231; x_wconf 89' lang='lat' dir='ltr'>sole</span> <span class='ocrx_word' id='word_1_170' title='bbox 494 3165 592 3232; x_wconf 86' lang='lat' dir='ltr'>redit:</span> <span class='ocrx_word' id='word_1_171' title='bbox 617 3167 684 3230; x_wconf 88' lang='lat' dir='ltr'>tum</span> <span class='ocrx_word' id='word_1_172' title='bbox 703 3163 920 3256; x_wconf 75' lang='lat' dir='ltr'>gratuslulo,</span> 
     </span>
     <span class='ocr_line' id='line_1_27' title="bbox 124 3271 821 3373; baseline 0.006 -31"><span class='ocrx_word' id='word_1_173' title='bbox 124 3275 230 3367; x_wconf 86' lang='lat' dir='ltr'>Atque</span> <span class='ocrx_word' id='word_1_174' title='bbox 252 3271 513 3350; x_wconf 51' lang='lat' dir='ltr'>novercali&#39;sedes</span> <span class='ocrx_word' id='word_1_175' title='bbox 534 3283 661 3373; x_wconf 80' lang='lat' dir='ltr'>praeiata</span> <span class='ocrx_word' id='word_1_176' title='bbox 682 3279 821 3363; x_wconf 74' lang='lat' dir='ltr'>Lavino,</span> 
     </span>
     <span class='ocr_line' id='line_1_28' title="bbox 123 3392 1029 3496; baseline 0.008 -35"><span class='ocrx_word' id='word_1_177' title='bbox 123 3392 320 3485; x_wconf 85' lang='lat' dir='ltr'>Conspicitur</span> <span class='ocrx_word' id='word_1_178' title='bbox 341 3400 473 3466; x_wconf 81' lang='lat' dir='ltr'>sublimis</span> <span class='ocrx_word' id='word_1_179' title='bbox 494 3422 587 3496; x_wconf 80' lang='lat' dir='ltr'>apex:</span> <span class='ocrx_word' id='word_1_180' title='bbox 611 3400 661 3469; x_wconf 85' lang='lat' dir='ltr'>cui</span> <span class='ocrx_word' id='word_1_181' title='bbox 683 3397 808 3468; x_wconf 72' lang='lat' dir='ltr'>candida</span> <span class='ocrx_word' id='word_1_182' title='bbox 829 3415 943 3467; x_wconf 83' lang='lat' dir='ltr'>uumeu</span> <span class='ocrx_word' id='word_1_183' title='bbox 1024 3450 1029 3459; x_wconf 76' lang='lat'>,</span> 
     </span>
    </p>
   </div>
   <div class='ocr_carea' id='block_1_7' title="bbox 0 0 1322 3934">
    <p class='ocr_par' dir='ltr' id='par_1_10' title="bbox 0 0 1322 3934">
     <span class='ocr_line' id='line_1_29' title="bbox 0 0 1322 3934; baseline 0 5"><span class='ocrx_word' id='word_1_184' title='bbox 0 0 1322 3934; x_wconf 95' lang='lat' dir='ltr'> </span> 
     </span>
    </p>
   </div>
  </div>
 </body>
</html>
