2634 3934
367 251 744 358 saruanxss
953 281 1114 367 lav:

90 440 166 510 DIs
188 440 240 505 ille
260 437 393 506 aduersis
413 439 557 533 genitus,
577 435 705 531 latoque
726 435 871 517 sinistro,
913 446 917 452 '
992 403 995 408 ¹
1050 393 1053 399 ἢ

89 558 204 649 Quem
224 574 312 645 pater
332 555 469 623 ardentis
493 575 599 620 massae
622 551 752 646 fiulig'iue
774 554 879 644 lippus
1018 579 1024 606 ν
1069 605 1077 618 .

91 671 134 741 A
148 669 299 754 carbone,
320 669 356 738 ἂ
370 666 553 759 forcipibus,
576 668 757 761 gladiosque
770 681 898 760 parante
944 701 949 712 ν
996 680 1024 721 '³
1116 651 1126 660 h

92 787 236 870 Incude‚
256 787 292 855 ar
313 788 402 853 lut'eo
423 786 568 855 Vulcano
589 786 627 851 ad
649 784 774 852 rhetora
796 786 898 853 misit„
922 817 926 824 ·
1014 793 1023 856 ἶ

87 924 93 936 ·
155 904 318 973 Bellorum
339 901 475 986 exuviae,
501 888 617 970 truncis
637 899 723 970 aliua
746 903 876 991 trop'aeis

89 1018 232 1100 Lorica,
252 1014 288 1085 ἀ
308 1011 401 1086 traua
425 1018 466 1087 de
484 1021 598 1089 casside
621 1019 747 1088 bucmla‘
772 1018 926 1109 pendens,
1022 1066 1024 1070 .
1047 1088 1053 1096 ,

89 1135 145 1204 Et
165 1151 287 1201 curtum
312 1150 437 1203 tenone
457 1140 582 1232 jugum,
603 1137 752 1225 uidlaeque
776 1130 910 1200 triremis
1019 1143 1022 1148 ⁴
1114 1231 1116 1236 ⁴

90 1249 268 1343 Aplustre,
288 1248 323 1318 ἀ
343 1274 461 1320 suanno
485 1253 581 1319 tristis
600 1252 740 1342 captiuus
764 1249 796 1317 io
821 1269 912 1329 arcu,
1020 1259 1022 1262 ’

90 1367 253 1436 Humanis
274 1370 391 1450 majana
412 1368 497 1436 bonis
520 1368 706 1437 credrmtur:
728 1367 766 1434 ad
785 1366 844 1436 hoc
863 1387 897 1432 se
1019 1433 1022 1438 ,

92 1480 278 1569 Romanus,
300 1465 493 1577 Graiusque,
514 1509 550 1554 ac
565 1486 717 1555 Barbarus
738 1484 940 1575 induperator
1018 1521 1023 1540 =
1095 1502 1099 1511 ·

49 1607 51 1610 ’
91 1597 230 1668 Erexit:
255 1621 372 1668 caunas
392 1601 591 1684 discriminis,
616 1618 712 1686 atque
733 1600 840 1664 laboris

91 1713 176 1781 Inde
200 1712 319 1775 habuit:
343 1730 452 1775 rauco
475 1714 574 1791 major
595 1706 687 1775 lamae
708 1708 774 1773 sitis
797 1726 863 1792 est,
885 1728 979 1798 quatu
1020 1715 1024 1721 ’

92 1823 256 1911 Virtutis3
277 1844 345 1905 ours
367 1825 450 1891 enim
473 1824 620 1892 virtutem
640 1821 835 1915 ampleclitur
860 1823 976 1915 ipsam,
1017 1829 1025 1886 ἱ
1125 1845 1130 1860 ’

94 1940 230 2013 Praemia
250 1938 275 2004 si
300 1940 412 2011 tollas?
435 1938 570 2011 Patriam
593 1960 699 2017 tamen
720 1927 821 2009 obruit
843 1943 918 2009 olim
1021 2007 1026 2014 ,

94 2056 209 2126 Gloria
230 2077 412 2147 paucorum,
433 2057 468 2128 dr
493 2061 609 2145 laudis,
635 2059 781 2150 titulique
803 2061 914 2151 cupido
1016 2109 1020 2118 ,

94 2173 225 2242 Haesuri
248 2175 324 2241 saxis
344 2176 481 2245 cinerum
500 2178 686 2246 custodibus:
708 2176 747 2244 ad
770 2194 840 2264 quae
913 2219 917 2228 ι
1019 2199 1025 2228 τ

93 2289 300 2359 Discutienda
320 2291 427 2359 valent
449 2294 565 2360 sterilis
587 2292 669 2360 mala
689 2290 799 2357 robora
821 2286 910 2357 ficus:
1017 2307 1024 2356 ῑ
1159 2277 1165 2300 ’

94 2404 352 2498 Qandoquiaem
367 2407 439 2477 data
452 2427 526 2479 sunt
544 2412 615 2503 ipsis
629 2430 752 2500 quoque
773 2404 836 2476 fata
847 2403 1025 2498 sepulcrm:
1124 2420 1127 2426 ·

96 2520 246 2611 Expende
260 2522 485 2594 Hannibalem:
513 2543 589 2614 quot
613 2525 706 2591 libras
727 2527 759 2591 in
775 2524 853 2590 duce
869 2543 988 2590 summo
1021 2527 1025 2536 ’

96 2634 263 2705 Invenies?
286 2636 335 2704 hic
349 2654 417 2721 est,
441 2661 533 2729 quem
556 2661 617 2706 non
637 2639 722 2729 capit
736 2634 844 2704 Africa
859 2638 976 2706 Mauro
1021 2699 1025 2707 .

95 2748 244 2820 Percussa
266 2773 401 2838 oceano,
423 2752 556 2846 Niloque
578 2755 704 2824 admota
726 2754 862 2847 tepenti.

84 2866 214 2940 Rursus
228 2870 266 2936 ad
281 2866 469 2962 AEthiopum
483 2873 630 2963 populos,
651 2853 790 2963 altosque
804 2871 986 2964 elephantos

98 2978 235 3054 Additur
250 2986 391 3077 imperiis
405 2986 575 3079 Hispania:
597 2973 782 3071 Pyrenaeum
877 3011 880 3020 ’

98 3095 248 3167 Transilit
254 3122 265 3190 3
288 3103 430 3194 opposuit
456 3120 565 3174 natura
586 3102 765 3201 Alpemque
786 3106 965 3195 niuemque:

98 3212 227 3281 Diducit
246 3220 403 3310 scopulos,
428 3219 464 3290 dt
488 3239 627 3292 montem
652 3225 768 3316 rumpit
789 3240 895 3292 aceto.

98 3326 162 3416 Jam
185 3346 273 3400 tenet
287 3334 427 3408 Italiam:
449 3354 554 3408 tamen
576 3343 660 3410 ultra
682 3361 815 3436 pergere
832 3336 954 3406 tendit.

98 3442 231 3533 Atium,
251 3448 372 3540 iuquit,
394 3454 471 3525 nihil
487 3475 554 3543 est,
577 3461 633 3531 uisi
648 3456 751 3528 Poeno
769 3456 871 3527 milite
885 3481 992 3549 portu

642 3573 682 3639 H
704 3598 722 3639 2
