2634 3934
287 270 345 341 ηε
528 245 956 338 IUVENALIS

281 408 327 478 Et
348 404 461 487 slmiles'
481 403 528 470 iro
549 416 644 492 atque
666 399 778 471 sames.
800 399 989 469 Mollissima
1009 399 1102 469 corda
1210 420 1222 439 ··

282 523 435 603 Humano
457 519 566 616 generi
586 519 661 589 dare
680 541 714 589 se
735 519 857 593 Natura
876 516 1022 599 fatetur‚'

282 641 369 735 Quae
383 641 531 719 lacrymas
541 637 648 722 dedit,
676 636 745 707 haec
759 637 858 705 nostri
871 654 940 727 pars
952 634 1071 726 optima
1085 653 1211 701 sensus.

283 760 410 830 Plorare
432 776 510 848 ergo
531 754 618 836 jubet
638 753 926 827 caussamdicentis
946 750 1057 833 enrici,

253 940 257 946 .
282 874 526 965 squaloremque
545 872 611 953 rei,
631 873 785 963 pupillum
805 871 844 939 ad
867 875 1122 954 inreverentem

282 990 613 1079 Circumscriptorem‚
633 991 722 1071 cujus
744 989 900 1056 manantia
924 988 1004 1063 fletu

283 1109 354 1192 Ora
375 1108 530 1200 puellares
550 1103 668 1178 faciunt
692 1104 812 1175 incerto
832 1097 956 1195 capilli.

156 1248 161 1257 ‘
283 1225 415 1297 Nature
435 1221 566 1314 imperio
590 1222 758 1316 gemimus,
778 1245 850 1293 cum
869 1219 959 1293 funus
971 1220 1089 1291 adulte

281 1341 429 1432 Virginis
448 1341 604 1423 occurrit,
625 1342 677 1410 vel
700 1358 785 1408 terra
806 1335 961 1415 clauditur
981 1334 1099 1419 infans,

281 1456 327 1526 Et
346 1456 447 1523 minor
460 1454 534 1545 igne
547 1455 634 1545 rogi.
656 1454 737 1542 Quis
750 1456 832 1522 enirn
847 1457 943 1522 bouus
963 1451 999 1525 dc
1013 1451 1082 1519 sace
1096 1449 1216 1547 dignus

281 1570 427 1656 Arcana,
446 1570 570 1662 qualern
590 1566 719 1643 Cereris
742 1570 811 1641 uult
832 1591 898 1641 esse
919 1567 1081 1650 sacerdos,

245 1716 249 1723 ’
282 1688 365 1763 Ulla
386 1690 486 1758 aliena
507 1688 563 1756 sibi
584 1686 694 1759 credat
715 1688 817 1759 mala?
839 1686 970 1780 Separat
991 1683 1050 1757 hoc
1072 1704 1131 1753 nos

281 1803 318 1876 A
341 1830 442 1901 grege
464 1822 640 1889 mutorum,
662 1821 757 1895 atque
778 1805 850 1879 ideo
871 1800 1045 1876 venerabile
1066 1801 1127 1869 soli

281 1923 395 1997 Sortiti
416 1924 597 2011 ingenium,
618 1922 853 2012 divinommque
873 1943 1021 2014 capaces,

281 2031 394 2124 Atque
415 2037 595 2103 exercendis
617 2038 836 2127 capiendisque
856 2040 971 2107 artibus
992 2036 1076 2126 epti.

279 2151 413 2222 Sensum
434 2174 454 2219 a
473 2149 596 2221 coelesti
618 2150 783 2221 demissum
803 2152 951 2221 traximus
971 2173 1064 2236 arce,

280 2268 380 2351 Cujus
400 2287 497 2363 egent
519 2293 616 2361 prona
638 2268 805 2343 &terram
826 2270 1008 2362 spedautia.
1030 2266 1146 2346 Μιωᾶὶ

278 2386 439 2477 Principio
459 2385 587 2453 indulsit
610 2387 783 2453 communis
807 2387 949 2456 conditor
970 2387 1032 2455 illis

280 2499 424 2585 Tamum
435 2501 568 2587 animas,
583 2501 962 2595 nobisauimumquoque,
974 2520 1098 2573 mutuus
1107 2490 1207 2596 utnos

280 2616 431 2689 Adfectus
451 2636 562 2711 petere
581 2620 729 2689 auxilium
750 2618 786 2688 dc
807 2637 955 2711 praestare
976 2622 1118 2704 juberet,
1175 2668 1194 2713 0

279 2735 448 2826 Dispersus
469 2716 596 2805 trahere
617 2738 650 2805 in
672 2739 842 2829 populum,
864 2739 1001 2831 migrare
1022 2753 1145 2831 uetusto

277 2849 334 2920 De
354 2873 504 2937 nemore,
525 2851 560 2921 ἃ
581 2853 705 2946 proavis
726 2853 875 2929 habitatas
896 2856 1038 2946 linquere
1063 2854 1183 2927 silvan.

277 2965 453 3037 AEdlficare
475 2970 601 3054 domos,
622 2969 753 3041 Laribus
772 2976 962 3069 conjungere
983 2973 1095 3039 nostris

277 3079 417 3165 Tedium
433 3088 536 3171 aliud,
556 3106 648 3157 tutos
665 3089 765 3158 vicino
785 3090 887 3159 limite
906 3110 1027 3161 somnos

224 3196 226 3201 ¹
276 3196 331 3273 Ut
351 3206 466 3274 collate
486 3208 577 3276 daret
598 3184 726 3275 fiducia:
749 3226 917 3302 protegere
937 3205 1029 3278 armis

273 3313 431 3411 Lapsum,
451 3342 506 3393 out
527 3323 650 3417 ingenti
671 3340 835 3403 nutantem
856 3322 1126 3408 valnensium,
1186 3350 1188 3354 ·

272 3434 444 3518 Communi
463 3442 537 3518 dare
557 3441 644 3542 sigua
664 3443 758 3535 tuba,
779 3439 939 3531 defendier
960 3439 1071 3519 meu
