2634 3934
299 298 381 364 nrt
481 289 547 363 ou
570 287 764 363 smus
788 284 1054 380 JUVENAUS

296 456 416 541 uisset,
441 453 499 540 qui
522 450 640 520 eadem
649 451 770 537 Satyra
793 449 957 538 quidquid
974 470 1043 518 esse
1068 446 1239 519 telorum

297 577 406 648 Poetae
445 578 481 644 in
512 573 705 644 coelestibus
743 576 1003 646 armamentariis
1034 573 1240 660 repositum

298 702 455 795 fingunt,
481 722 540 787 pro
563 700 671 772 nihilo
694 702 817 771 ducit?
849 703 930 772 Hoe
953 700 1044 768 enirn
1068 699 1141 788 agit
1166 698 1239 769 his

300 824 445 900 versibus
460 824 615 896 familiari
630 825 695 897 sibi
710 823 974 897 dissimulatione
992 825 1027 895 &
1040 820 1190 922 κρύψθ.

889 1088 993 1173 Aspice
1017 1087 1128 1169 quanta
1196 1106 1200 1113 ·

323 1192 395 1272 Voce
418 1220 527 1291 neget,
551 1226 618 1291 que
641 1212 682 1275 rit
698 1205 759 1297 fiir·
781 1204 1087 1279 constantianum.

325 1314 385 1399 Per
408 1322 847 1423 sotis'radtas‚'‘rarprjaqur
865 1334 1002 1423 fulmina
1015 1336 1125 1423 jurat,

325 1461 367 1522 Et
383 1460 495 1525 Martis
513 1457 697 1545 fratrem,-
712 1456 755 1532 ist
769 1453 902 1535 Cirrhae·
923 1459 1039 1545 spicula
1063 1466 1170 1532 autiss

325 1586 385 1650 Per
409 1583 537 1650 calamos
559 1587 722 1651 venatricis
741 1579 978 1675 pharetramque
998 1585 1134 1672 puelle,

327 1709 441 1793 Perque
465 1725 572 1796 tuum,
592 1724 685 1798 pater
710 1712 809 1797 AEgti
827 1708 988 1799 Neptune,
1012 1710 1192 1801 tridentem

327 1833 421 1900 Addit
442 1828 486 1906 ly
509 1834 668 1911 Herculeos
692 1854 800 1920 arcus,
823 1833 999 1923 hastamque
1022 1840 1191 1926 Minervae,

327 1948 488 2041 Quidquid
509 1949 617 2018 babeat
640 1952 766 2019 telarum
791 1954 1026 2025 armamentaria
1050 1962 1142 2028 celi.

349 2202 434 2299 Qtae
449 2204 563 2278 omniu
586 2203 634 2274 sic
659 2203 847 2292 accipienda
861 2219 939 2275 sunt
957 2216 1131 2295 tamquam
1147 2229 1223 2296 pto-

303 2305 390 2403 iestu
415 2330 456 2401 ab
480 2328 589 2420 rigido
612 2332 764 2398 veritatis
787 2330 937 2418 cultore,
970 2332 1029 2417 qui
1053 2331 1222 2404 Naturam

304 2459 427 2523 ducem
450 2460 608 2540 secutus,
634 2452 805 2526 Virtutem
830 2478 888 2544 pro
912 2479 1043 2525 summo
1068 2455 1220 2526 Numine

305 2576 466 2668 habebat,
490 2577 606 2648 fucum
629 2583 665 2653 &
679 2580 877 2668 imposturas
892 2578 1126 2651 detestabatur·
1151 2584 1220 2653 Da·

305 2725 358 2772 res
380 2703 433 2772 illi
455 2704 562 2777 alium
576 2706 715 2794 ducem,
741 2707 836 2776 illurn
859 2708 983 2778 scilicet
1008 2698 1219 2776 veritatisau-

305 2826 452 2916 uorem,
477 2832 645 2919 ipsiusque
670 2831 811 2901 Naturae
833 2833 1031 2921 dominum,
1063 2831 1219 2901 coelestis-

305 2955 383 3026 simi
408 2955 473 3024 viri
496 2948 677 3043 perseum
703 2959 882 3050 imaginem
907 2956 1125 3033 absolvisset.
1173 2955 1218 3024 At

306 3080 428 3152 scelera
460 3085 627 3168 perpetuis
661 3083 801 3153 tenebris
834 3082 1018 3152 damnanda
1048 3081 1154 3167 prodit
1183 3081 1217 3151 it

305 3208 466 3297 exponit,
491 3229 529 3277 ac
555 3210 695 3296 pessimo
720 3209 874 3296 exemplo
897 3208 999 3296 aperit
1023 3226 1097 3292 quae
1112 3225 1215 3290 repre

304 3311 458 3404 hendit.¹
491 3332 586 3424 Qrin
618 3336 730 3423 potius
753 3338 884 3421 optimo
916 3329 1070 3415 exemplo
1101 3329 1215 3399 scelera

304 3457 352 3532 sic
376 3459 609 3554 reprehendit,
648 3479 689 3535 ut
712 3479 752 3540 ee
783 3456 884 3538 nemo
916 3479 985 3537 non
1008 3474 1215 3542 exsecretur3
