<?xml version="1.0" encoding="UTF-8"?>
<!DOCTYPE html PUBLIC "-//W3C//DTD XHTML 1.0 Transitional//EN"
    "http://www.w3.org/TR/xhtml1/DTD/xhtml1-transitional.dtd">
<html xmlns="http://www.w3.org/1999/xhtml" xml:lang="en" lang="en">
 <head>
  <title>
</title>
<meta http-equiv="Content-Type" content="text/html;charset=utf-8" />
  <meta name='ocr-system' content='tesseract 3.04.00' />
  <meta name='ocr-capabilities' content='ocr_page ocr_carea ocr_par ocr_line ocrx_word'/>
</head>
<body>
  <div class='ocr_page' id='page_1' title='image "./djuniijuvenalis00casagoog_0129.png"; bbox 0 0 2634 3934; ppageno 0'>
   <div class='ocr_carea' id='block_1_1' title="bbox 362 236 1025 336">
    <p class='ocr_par' dir='ltr' id='par_1_1' title="bbox 362 236 1025 336">
     <span class='ocr_line' id='line_1_1' title="bbox 362 236 1025 336; baseline 0.015 -30"><span class='ocrx_word' id='word_1_1' title='bbox 362 236 769 315; x_wconf 64' lang='lat' dir='ltr'>subinnui</span> <span class='ocrx_word' id='word_1_2' title='bbox 989 277 1025 336; x_wconf 65' lang='grc' dir='ltr'>μ</span> 
     </span>
    </p>
   </div>
   <div class='ocr_carea' id='block_1_2' title="bbox 86 388 1027 1533">
    <p class='ocr_par' dir='ltr' id='par_1_2' title="bbox 86 388 1006 943">
     <span class='ocr_line' id='line_1_2' title="bbox 91 388 974 481; baseline 0.005 -23"><span class='ocrx_word' id='word_1_3' title='bbox 91 388 270 480; x_wconf 79' lang='lat' dir='ltr'>Laevaque</span> <span class='ocrx_word' id='word_1_4' title='bbox 291 389 316 456; x_wconf 87' lang='lat' dir='ltr'>si</span> <span class='ocrx_word' id='word_1_5' title='bbox 337 390 431 481; x_wconf 87' lang='lat' dir='ltr'>longo</span> <span class='ocrx_word' id='word_1_6' title='bbox 450 407 622 466; x_wconf 64' lang='lat' dir='ltr'>,castrorum</span> <span class='ocrx_word' id='word_1_7' title='bbox 641 392 677 472; x_wconf 21' lang='lat' dir='ltr'>&#39;in</span> <span class='ocrx_word' id='word_1_8' title='bbox 700 412 826 458; x_wconf 85' lang='lat' dir='ltr'>carcere</span> <span class='ocrx_word' id='word_1_9' title='bbox 848 395 974 462; x_wconf 85' lang='lat' dir='ltr'>mansit.</span> 
     </span>
     <span class='ocr_line' id='line_1_3' title="bbox 94 507 1006 598; baseline 0.002 -21"><span class='ocrx_word' id='word_1_10' title='bbox 94 511 219 581; x_wconf 87' lang='lat' dir='ltr'>Nemo</span> <span class='ocrx_word' id='word_1_11' title='bbox 242 507 476 575; x_wconf 84' lang='lat' dir='ltr'>mathematicus</span> <span class='ocrx_word' id='word_1_12' title='bbox 498 509 626 598; x_wconf 84' lang='lat' dir='ltr'>genium</span> <span class='ocrx_word' id='word_1_13' title='bbox 647 508 841 590; x_wconf 74' lang='lat' dir='ltr'>indemnatus</span> <span class='ocrx_word' id='word_1_14' title='bbox 863 507 1006 579; x_wconf 70' lang='lat' dir='ltr'>habebite</span> 
     </span>
     <span class='ocr_line' id='line_1_4' title="bbox 88 622 951 716; baseline -0.003 -21"><span class='ocrx_word' id='word_1_15' title='bbox 88 627 166 704; x_wconf 81' lang='lat' dir='ltr'>Sed</span> <span class='ocrx_word' id='word_1_16' title='bbox 192 626 246 716; x_wconf 93' lang='lat' dir='ltr'>qui</span> <span class='ocrx_word' id='word_1_17' title='bbox 267 648 357 716; x_wconf 83' lang='lat' dir='ltr'>paene</span> <span class='ocrx_word' id='word_1_18' title='bbox 380 624 485 714; x_wconf 80' lang='lat' dir='ltr'>perit,</span> <span class='ocrx_word' id='word_1_19' title='bbox 507 624 558 706; x_wconf 73' lang='lat' dir='ltr'>eui</span> <span class='ocrx_word' id='word_1_20' title='bbox 580 622 630 690; x_wconf 84' lang='lat' dir='ltr'>vix</span> <span class='ocrx_word' id='word_1_21' title='bbox 652 623 683 695; x_wconf 84' lang='lat' dir='ltr'>in</span> <span class='ocrx_word' id='word_1_22' title='bbox 707 623 843 704; x_wconf 70' lang='lat' dir='ltr'>Cyclada</span> <span class='ocrx_word' id='word_1_23' title='bbox 865 626 951 706; x_wconf 85' lang='lat' dir='ltr'>mitti</span> 
     </span>
     <span class='ocr_line' id='line_1_5' title="bbox 87 728 912 835; baseline -0.002 -24"><span class='ocrx_word' id='word_1_24' title='bbox 87 741 274 835; x_wconf 84' lang='lat' dir='ltr'>Contigit,</span> <span class='ocrx_word' id='word_1_25' title='bbox 295 741 448 829; x_wconf 82' lang='lat' dir='ltr'>&amp;parva</span> <span class='ocrx_word' id='word_1_26' title='bbox 469 736 595 808; x_wconf 88' lang='lat' dir='ltr'>tandem</span> <span class='ocrx_word' id='word_1_27' title='bbox 608 728 745 820; x_wconf 66' lang='lat' dir='ltr'>&#39;caruisse</span> <span class='ocrx_word' id='word_1_28' title='bbox 766 741 912 833; x_wconf 84' lang='lat' dir='ltr'><strong>Seripho.</strong></span> 
     </span>
     <span class='ocr_line' id='line_1_6' title="bbox 86 843 876 943; baseline 0 -17"><span class='ocrx_word' id='word_1_29' title='bbox 86 856 256 928; x_wconf 81' lang='lat' dir='ltr'>Considit</span> <span class='ocrx_word' id='word_1_30' title='bbox 278 857 430 938; x_wconf 72' lang='lat' dir='ltr'>issericae,</span> <span class='ocrx_word' id='word_1_31' title='bbox 452 843 599 942; x_wconf 55' lang='lat' dir='ltr'>lento&#39;de</span> <span class='ocrx_word' id='word_1_32' title='bbox 617 854 729 938; x_wconf 78' lang='lat' dir='ltr'>sunere</span> <span class='ocrx_word' id='word_1_33' title='bbox 751 861 876 943; x_wconf 87' lang='lat' dir='ltr'>matris,</span> 
     </span>
    </p>

    <p class='ocr_par' dir='ltr' id='par_1_3' title="bbox 86 970 1027 1181">
     <span class='ocr_line' id='line_1_7' title="bbox 89 970 1027 1070; baseline 0.005 -27"><span class='ocrx_word' id='word_1_34' title='bbox 89 972 199 1043; x_wconf 87' lang='lat' dir='ltr'>Ante</span> <span class='ocrx_word' id='word_1_35' title='bbox 222 993 328 1044; x_wconf 84' lang='lat' dir='ltr'>tamen</span> <span class='ocrx_word' id='word_1_36' title='bbox 351 974 390 1050; x_wconf 87' lang='lat' dir='ltr'>de</span> <span class='ocrx_word' id='word_1_37' title='bbox 411 990 464 1070; x_wconf 87' lang='lat' dir='ltr'>te,</span> <span class='ocrx_word' id='word_1_38' title='bbox 487 970 640 1065; x_wconf 85' lang='lat' dir='ltr'>Tanaquil</span> <span class='ocrx_word' id='word_1_39' title='bbox 664 990 731 1052; x_wconf 81' lang='lat' dir='ltr'>tua:</span> <span class='ocrx_word' id='word_1_40' title='bbox 754 979 875 1067; x_wconf 86' lang='lat' dir='ltr'>quando</span> <span class='ocrx_word' id='word_1_41' title='bbox 890 995 1027 1048; x_wconf 88' lang='lat' dir='ltr'>sororem</span> 
     </span>
     <span class='ocr_line' id='line_1_8' title="bbox 86 1087 890 1181; baseline -0.004 -22"><span class='ocrx_word' id='word_1_42' title='bbox 86 1093 248 1171; x_wconf 85' lang='lat' dir='ltr'>Efferat,</span> <span class='ocrx_word' id='word_1_43' title='bbox 270 1087 304 1157; x_wconf 72' lang='grc' dir='ltr'>ὅ(</span> <span class='ocrx_word' id='word_1_44' title='bbox 325 1107 464 1181; x_wconf 83' lang='lat' dir='ltr'>patruos:</span> <span class='ocrx_word' id='word_1_45' title='bbox 485 1115 526 1160; x_wconf 83' lang='lat' dir='ltr'>an</span> <span class='ocrx_word' id='word_1_46' title='bbox 547 1093 586 1160; x_wconf 90' lang='lat' dir='ltr'>sit</span> <span class='ocrx_word' id='word_1_47' title='bbox 609 1091 742 1160; x_wconf 66' lang='lat' dir='ltr'>visurus</span> <span class='ocrx_word' id='word_1_48' title='bbox 765 1092 890 1180; x_wconf 80' lang='lat' dir='ltr'>adulter</span> 
     </span>
    </p>

    <p class='ocr_par' dir='ltr' id='par_1_4' title="bbox 88 1188 1027 1533">
     <span class='ocr_line' id='line_1_9' title="bbox 88 1188 1027 1299; baseline 0.002 -23"><span class='ocrx_word' id='word_1_49' title='bbox 88 1208 185 1276; x_wconf 89' lang='lat' dir='ltr'>Post</span> <span class='ocrx_word' id='word_1_50' title='bbox 206 1188 328 1297; x_wconf 72' lang='lat' dir='ltr'>ipsam?</span> <span class='ocrx_word' id='word_1_51' title='bbox 343 1208 414 1299; x_wconf 87' lang='lat' dir='ltr'>qnid</span> <span class='ocrx_word' id='word_1_52' title='bbox 430 1212 513 1277; x_wconf 90' lang='lat' dir='ltr'>enim</span> <span class='ocrx_word' id='word_1_53' title='bbox 535 1214 630 1292; x_wconf 80' lang='lat' dir='ltr'>majus</span> <span class='ocrx_word' id='word_1_54' title='bbox 644 1210 719 1290; x_wconf 84' lang='lat' dir='ltr'>dare</span> <span class='ocrx_word' id='word_1_55' title='bbox 735 1208 874 1292; x_wconf 26' lang='lat' dir='ltr'>⁴[Numina</span> <span class='ocrx_word' id='word_1_56' title='bbox 882 1213 1027 1299; x_wconf 81' lang='lat' dir='ltr'>possunt?</span> 
     </span>
     <span class='ocr_line' id='line_1_10' title="bbox 91 1323 955 1417; baseline 0.002 -26"><span class='ocrx_word' id='word_1_57' title='bbox 91 1323 195 1391; x_wconf 79' lang='lat' dir='ltr'>Haec</span> <span class='ocrx_word' id='word_1_58' title='bbox 217 1342 323 1400; x_wconf 79' lang='lat' dir='ltr'>tamen</span> <span class='ocrx_word' id='word_1_59' title='bbox 345 1327 489 1417; x_wconf 85' lang='lat' dir='ltr'>ignorat,</span> <span class='ocrx_word' id='word_1_60' title='bbox 510 1327 583 1415; x_wconf 87' lang='lat' dir='ltr'>quid</span> <span class='ocrx_word' id='word_1_61' title='bbox 602 1325 686 1406; x_wconf 80' lang='lat' dir='ltr'>sidus</span> <span class='ocrx_word' id='word_1_62' title='bbox 708 1325 798 1404; x_wconf 87' lang='lat' dir='ltr'>triste</span> <span class='ocrx_word' id='word_1_63' title='bbox 818 1327 955 1414; x_wconf 76' lang='lat' dir='ltr'>minetur</span> 
     </span>
     <span class='ocr_line' id='line_1_11' title="bbox 92 1440 968 1533; baseline 0 -25"><span class='ocrx_word' id='word_1_64' title='bbox 92 1441 256 1524; x_wconf 83' lang='lat' dir='ltr'>Saturni,</span> <span class='ocrx_word' id='word_1_65' title='bbox 278 1463 339 1532; x_wconf 88' lang='lat' dir='ltr'>quo</span> <span class='ocrx_word' id='word_1_66' title='bbox 361 1441 435 1509; x_wconf 88' lang='lat' dir='ltr'>laeta</span> <span class='ocrx_word' id='word_1_67' title='bbox 460 1444 568 1514; x_wconf 85' lang='lat' dir='ltr'>Venus</span> <span class='ocrx_word' id='word_1_68' title='bbox 589 1465 623 1511; x_wconf 89' lang='lat' dir='ltr'>se</span> <span class='ocrx_word' id='word_1_69' title='bbox 643 1440 781 1533; x_wconf 86' lang='lat' dir='ltr'>proferat</span> <span class='ocrx_word' id='word_1_70' title='bbox 801 1462 911 1527; x_wconf 85' lang='lat' dir='ltr'>astro,</span> <span class='ocrx_word' id='word_1_71' title='bbox 966 1505 968 1508; x_wconf 81' lang='grc'><strong>,</strong></span> 
     </span>
    </p>
   </div>
   <div class='ocr_carea' id='block_1_3' title="bbox 94 1557 986 1752">
    <p class='ocr_par' dir='ltr' id='par_1_5' title="bbox 94 1557 986 1752">
     <span class='ocr_line' id='line_1_12' title="bbox 94 1557 986 1650; baseline 0 -25"><span class='ocrx_word' id='word_1_72' title='bbox 94 1557 171 1650; x_wconf 74' lang='lat' dir='ltr'>Qui</span> <span class='ocrx_word' id='word_1_73' title='bbox 194 1559 308 1626; x_wconf 85' lang='lat' dir='ltr'>mensis</span> <span class='ocrx_word' id='word_1_74' title='bbox 330 1559 467 1642; x_wconf 87' lang='lat' dir='ltr'>damnis,</span> <span class='ocrx_word' id='word_1_75' title='bbox 491 1584 560 1649; x_wconf 83' lang='lat' dir='ltr'>quae</span> <span class='ocrx_word' id='word_1_76' title='bbox 581 1563 695 1629; x_wconf 84' lang='lat' dir='ltr'>dentur</span> <span class='ocrx_word' id='word_1_77' title='bbox 718 1577 859 1649; x_wconf 86' lang='lat' dir='ltr'>tempora</span> <span class='ocrx_word' id='word_1_78' title='bbox 878 1562 986 1647; x_wconf 74' lang='lat' dir='ltr'>iutro.</span> 
     </span>
     <span class='ocr_line' id='line_1_13' title="bbox 164 1673 855 1752; baseline -0.004 -14"><span class='ocrx_word' id='word_1_79' title='bbox 164 1674 251 1739; x_wconf 78' lang='lat' dir='ltr'>Illius</span> <span class='ocrx_word' id='word_1_80' title='bbox 273 1696 416 1740; x_wconf 81' lang='lat' dir='ltr'>occursus</span> <span class='ocrx_word' id='word_1_81' title='bbox 438 1674 535 1744; x_wconf 87' lang='lat' dir='ltr'>etiam</span> <span class='ocrx_word' id='word_1_82' title='bbox 558 1673 657 1735; x_wconf 87' lang='lat' dir='ltr'>vitare</span> <span class='ocrx_word' id='word_1_83' title='bbox 678 1691 855 1752; x_wconf 84' lang='lat' dir='ltr'>memento,</span> 
     </span>
    </p>
   </div>
   <div class='ocr_carea' id='block_1_4' title="bbox 69 1784 1139 3514">
    <p class='ocr_par' dir='ltr' id='par_1_6' title="bbox 96 1784 1029 2227">
     <span class='ocr_line' id='line_1_14' title="bbox 96 1784 958 1874; baseline -0.002 -18"><span class='ocrx_word' id='word_1_84' title='bbox 96 1791 145 1858; x_wconf 93' lang='lat' dir='ltr'>In</span> <span class='ocrx_word' id='word_1_85' title='bbox 169 1791 257 1868; x_wconf 71' lang='lat' dir='ltr'>euius</span> <span class='ocrx_word' id='word_1_86' title='bbox 279 1785 434 1867; x_wconf 87' lang='lat' dir='ltr'>manibus,</span> <span class='ocrx_word' id='word_1_87' title='bbox 457 1808 515 1851; x_wconf 87' lang='lat' dir='ltr'>ceu</span> <span class='ocrx_word' id='word_1_88' title='bbox 536 1784 663 1874; x_wconf 80' lang='lat' dir='ltr'>pinguia</span> <span class='ocrx_word' id='word_1_89' title='bbox 687 1785 825 1867; x_wconf 79' lang='lat' dir='ltr'>succina,</span> <span class='ocrx_word' id='word_1_90' title='bbox 850 1784 958 1854; x_wconf 59' lang='lat' dir='ltr'>tritas⁴</span> 
     </span>
     <span class='ocr_line' id='line_1_15' title="bbox 97 1900 1029 1992; baseline -0.006 -19"><span class='ocrx_word' id='word_1_91' title='bbox 97 1904 222 1977; x_wconf 85' lang='lat' dir='ltr'>Cernis</span> <span class='ocrx_word' id='word_1_92' title='bbox 244 1900 472 1992; x_wconf 85' lang='lat' dir='ltr'>ephemeridas:</span> <span class='ocrx_word' id='word_1_93' title='bbox 495 1922 565 1992; x_wconf 72' lang='lat' dir='ltr'>quar</span> <span class='ocrx_word' id='word_1_94' title='bbox 588 1901 707 1968; x_wconf 84' lang='lat' dir='ltr'>nulium</span> <span class='ocrx_word' id='word_1_95' title='bbox 736 1902 888 1984; x_wconf 81' lang='lat' dir='ltr'>consulit,</span> <span class='ocrx_word' id='word_1_96' title='bbox 910 1901 946 1989; x_wconf 77' lang='lat' dir='ltr'>dc</span> <span class='ocrx_word' id='word_1_97' title='bbox 967 1904 1029 1986; x_wconf 72' lang='lat' dir='ltr'>J&#39;anp</span> 
     </span>
     <span class='ocr_line' id='line_1_16' title="bbox 100 2019 1000 2114; baseline -0.004 -23"><span class='ocrx_word' id='word_1_98' title='bbox 100 2019 308 2092; x_wconf 80' lang='lat' dir='ltr'>consulitur:</span> <span class='ocrx_word' id='word_1_99' title='bbox 332 2042 401 2110; x_wconf 84' lang='lat' dir='ltr'>quae</span> <span class='ocrx_word' id='word_1_100' title='bbox 421 2037 520 2087; x_wconf 86' lang='lat' dir='ltr'>castra</span> <span class='ocrx_word' id='word_1_101' title='bbox 544 2019 845 2114; x_wconf 76' lang='lat' dir='ltr'>yir0,‹patriamque</span> <span class='ocrx_word' id='word_1_102' title='bbox 868 2036 1000 2110; x_wconf 81' lang='lat' dir='ltr'>petente</span> 
     </span>
     <span class='ocr_line' id='line_1_17' title="bbox 101 2113 912 2227; baseline -0.012 -18"><span class='ocrx_word' id='word_1_103' title='bbox 101 2139 182 2209; x_wconf 86' lang='lat' dir='ltr'>Non</span> <span class='ocrx_word' id='word_1_104' title='bbox 207 2127 264 2203; x_wconf 83' lang='lat' dir='ltr'>ibit</span> <span class='ocrx_word' id='word_1_105' title='bbox 286 2139 404 2227; x_wconf 88' lang='lat' dir='ltr'>pariter</span> <span class='ocrx_word' id='word_1_106' title='bbox 426 2139 562 2218; x_wconf 82' lang='lat' dir='ltr'>numeris</span> <span class='ocrx_word' id='word_1_107' title='bbox 585 2113 727 2205; x_wconf 82' lang='lat' dir='ltr'>revocata</span> <span class='ocrx_word' id='word_1_108' title='bbox 737 2134 912 2216; x_wconf 84' lang='lat' dir='ltr'>Thrasylii.</span> 
     </span>
    </p>

    <p class='ocr_par' dir='ltr' id='par_1_7' title="bbox 105 2241 994 2461">
     <span class='ocr_line' id='line_1_18' title="bbox 107 2241 994 2344; baseline -0.006 -22"><span class='ocrx_word' id='word_1_109' title='bbox 107 2251 165 2322; x_wconf 86' lang='lat' dir='ltr'>Ad</span> <span class='ocrx_word' id='word_1_110' title='bbox 191 2254 324 2344; x_wconf 89' lang='lat' dir='ltr'>primum</span> <span class='ocrx_word' id='word_1_111' title='bbox 345 2253 481 2344; x_wconf 80' lang='lat' dir='ltr'>lapidem</span> <span class='ocrx_word' id='word_1_112' title='bbox 505 2254 615 2322; x_wconf 74' lang='lat' dir='ltr'>venari</span> <span class='ocrx_word' id='word_1_113' title='bbox 637 2277 709 2322; x_wconf 89' lang='lat' dir='ltr'>cum</span> <span class='ocrx_word' id='word_1_114' title='bbox 730 2254 854 2343; x_wconf 86' lang='lat' dir='ltr'>placet,</span> <span class='ocrx_word' id='word_1_115' title='bbox 876 2250 955 2318; x_wconf 85' lang='lat' dir='ltr'>hora·</span> <span class='ocrx_word' id='word_1_116' title='bbox 991 2241 994 2246; x_wconf 63' lang='grc'><strong>’</strong></span> 
     </span>
     <span class='ocr_line' id='line_1_19' title="bbox 105 2368 836 2461; baseline -0.004 -21"><span class='ocrx_word' id='word_1_117' title='bbox 105 2372 251 2452; x_wconf 40' lang='lat' dir='ltr'>sumitur„</span> <span class='ocrx_word' id='word_1_118' title='bbox 270 2394 309 2446; x_wconf 82' lang='lat' dir='ltr'>ex</span> <span class='ocrx_word' id='word_1_119' title='bbox 333 2372 427 2440; x_wconf 88' lang='lat' dir='ltr'>libro:</span> <span class='ocrx_word' id='word_1_120' title='bbox 448 2372 475 2438; x_wconf 85' lang='lat' dir='ltr'>si</span> <span class='ocrx_word' id='word_1_121' title='bbox 494 2372 598 2461; x_wconf 88' lang='lat' dir='ltr'>prurit</span> <span class='ocrx_word' id='word_1_122' title='bbox 618 2368 722 2448; x_wconf 68' lang='lat' dir='ltr'>fridus</span> <span class='ocrx_word' id='word_1_123' title='bbox 744 2369 836 2455; x_wconf 76' lang='lat' dir='ltr'>ocelli</span> 
     </span>
    </p>

    <p class='ocr_par' dir='ltr' id='par_1_8' title="bbox 106 2487 854 2581">
     <span class='ocr_line' id='line_1_20' title="bbox 106 2487 854 2581; baseline -0.004 -27"><span class='ocrx_word' id='word_1_124' title='bbox 106 2487 274 2577; x_wconf 86' lang='lat' dir='ltr'>Angulus,</span> <span class='ocrx_word' id='word_1_125' title='bbox 296 2488 429 2578; x_wconf 61' lang='lat' dir='ltr'>inspecta</span> <span class='ocrx_word' id='word_1_126' title='bbox 452 2489 558 2581; x_wconf 85' lang='lat' dir='ltr'>genesi</span> <span class='ocrx_word' id='word_1_127' title='bbox 581 2490 708 2570; x_wconf 84' lang='lat' dir='ltr'>collyria</span> <span class='ocrx_word' id='word_1_128' title='bbox 729 2487 854 2578; x_wconf 87' lang='lat' dir='ltr'>poscit.</span> 
     </span>
    </p>

    <p class='ocr_par' dir='ltr' id='par_1_9' title="bbox 106 2601 879 2694">
     <span class='ocr_line' id='line_1_21' title="bbox 106 2601 879 2694; baseline -0.004 -24"><span class='ocrx_word' id='word_1_129' title='bbox 106 2601 219 2694; x_wconf 86' lang='lat' dir='ltr'>AEgra</span> <span class='ocrx_word' id='word_1_130' title='bbox 241 2601 317 2666; x_wconf 87' lang='lat' dir='ltr'>licet</span> <span class='ocrx_word' id='word_1_131' title='bbox 339 2607 458 2686; x_wconf 81' lang='lat' dir='ltr'>jaceat,</span> <span class='ocrx_word' id='word_1_132' title='bbox 478 2604 628 2693; x_wconf 84' lang='lat' dir='ltr'>capiendo</span> <span class='ocrx_word' id='word_1_133' title='bbox 649 2604 734 2671; x_wconf 89' lang='lat' dir='ltr'>nulla</span> <span class='ocrx_word' id='word_1_134' title='bbox 756 2603 879 2668; x_wconf 87' lang='lat' dir='ltr'>videtur</span> 
     </span>
    </p>

    <p class='ocr_par' dir='ltr' id='par_1_10' title="bbox 108 2715 971 2812">
     <span class='ocr_line' id='line_1_22' title="bbox 108 2715 971 2812; baseline -0.003 -25"><span class='ocrx_word' id='word_1_135' title='bbox 108 2718 231 2809; x_wconf 84' lang='lat' dir='ltr'>Aptior</span> <span class='ocrx_word' id='word_1_136' title='bbox 252 2715 327 2783; x_wconf 86' lang='lat' dir='ltr'>hora</span> <span class='ocrx_word' id='word_1_137' title='bbox 349 2720 437 2802; x_wconf 88' lang='lat' dir='ltr'>cibo,</span> <span class='ocrx_word' id='word_1_138' title='bbox 459 2719 516 2798; x_wconf 84' lang='lat' dir='ltr'>nisi</span> <span class='ocrx_word' id='word_1_139' title='bbox 538 2740 629 2812; x_wconf 87' lang='lat' dir='ltr'>quam</span> <span class='ocrx_word' id='word_1_140' title='bbox 652 2716 776 2795; x_wconf 85' lang='lat' dir='ltr'>dederit</span> <span class='ocrx_word' id='word_1_141' title='bbox 798 2715 971 2802; x_wconf 68' lang='lat' dir='ltr'>Petosynis,</span> 
     </span>
    </p>

    <p class='ocr_par' dir='ltr' id='par_1_11' title="bbox 69 2832 1139 3514">
     <span class='ocr_line' id='line_1_23' title="bbox 169 2832 1139 2929; baseline 0.002 -28"><span class='ocrx_word' id='word_1_142' title='bbox 169 2834 203 2902; x_wconf 88' lang='lat' dir='ltr'>Si</span> <span class='ocrx_word' id='word_1_143' title='bbox 225 2832 387 2914; x_wconf 87' lang='lat' dir='ltr'>mediocris</span> <span class='ocrx_word' id='word_1_144' title='bbox 408 2837 488 2904; x_wconf 88' lang='lat' dir='ltr'>erit:</span> <span class='ocrx_word' id='word_1_145' title='bbox 511 2837 641 2928; x_wconf 85' lang='lat' dir='ltr'>spatium</span> <span class='ocrx_word' id='word_1_146' title='bbox 666 2833 805 2910; x_wconf 87' lang='lat' dir='ltr'>lustrabit</span> <span class='ocrx_word' id='word_1_147' title='bbox 827 2835 971 2929; x_wconf 86' lang='lat' dir='ltr'>utrinque</span> <span class='ocrx_word' id='word_1_148' title='bbox 1138 2914 1139 2917; x_wconf 8' lang='grc' dir='ltr'><strong>Ἴ</strong></span> 
     </span>
     <span class='ocr_line' id='line_1_24' title="bbox 110 2950 1107 3044; baseline -0.005 -22"><span class='ocrx_word' id='word_1_149' title='bbox 110 2951 276 3022; x_wconf 84' lang='lat' dir='ltr'>Metarum</span> <span class='ocrx_word' id='word_1_150' title='bbox 285 3001 296 3033; x_wconf 84' lang='lat'>‚</span> <span class='ocrx_word' id='word_1_151' title='bbox 311 2950 347 3018; x_wconf 75' lang='lat' dir='ltr'>dt</span> <span class='ocrx_word' id='word_1_152' title='bbox 358 2954 472 3020; x_wconf 83' lang='lat' dir='ltr'>sorteis</span> <span class='ocrx_word' id='word_1_153' title='bbox 484 2955 597 3035; x_wconf 85' lang='lat' dir='ltr'>ducet,</span> <span class='ocrx_word' id='word_1_154' title='bbox 612 2951 830 3044; x_wconf 85' lang='lat' dir='ltr'>frontemque,</span> <span class='ocrx_word' id='word_1_155' title='bbox 845 2973 1029 3041; x_wconf 85' lang='lat' dir='ltr'>manumque</span> <span class='ocrx_word' id='word_1_156' title='bbox 1102 2979 1107 3006; x_wconf 77' lang='grc' dir='ltr'><strong>ι</strong></span> 
     </span>
     <span class='ocr_line' id='line_1_25' title="bbox 111 3068 863 3165; baseline -0.001 -30"><span class='ocrx_word' id='word_1_157' title='bbox 111 3068 265 3135; x_wconf 85' lang='lat' dir='ltr'>Praebebit</span> <span class='ocrx_word' id='word_1_158' title='bbox 287 3069 353 3137; x_wconf 85' lang='lat' dir='ltr'>uati</span> <span class='ocrx_word' id='word_1_159' title='bbox 373 3069 517 3137; x_wconf 86' lang='lat' dir='ltr'>crebrum</span> <span class='ocrx_word' id='word_1_160' title='bbox 539 3092 705 3162; x_wconf 80' lang='lat' dir='ltr'>poppysma</span> <span class='ocrx_word' id='word_1_161' title='bbox 725 3071 863 3165; x_wconf 80' lang='lat' dir='ltr'>roganti.</span> 
     </span>
     <span class='ocr_line' id='line_1_26' title="bbox 111 3180 1010 3281; baseline -0.004 -30"><span class='ocrx_word' id='word_1_162' title='bbox 111 3183 268 3255; x_wconf 86' lang='lat' dir='ltr'>Divitibus</span> <span class='ocrx_word' id='word_1_163' title='bbox 291 3207 434 3279; x_wconf 84' lang='lat' dir='ltr'>responsa</span> <span class='ocrx_word' id='word_1_164' title='bbox 456 3185 571 3255; x_wconf 84' lang='lat' dir='ltr'>dabunt</span> <span class='ocrx_word' id='word_1_165' title='bbox 594 3185 698 3272; x_wconf 79' lang='lat' dir='ltr'>Phryx</span> <span class='ocrx_word' id='word_1_166' title='bbox 720 3212 838 3281; x_wconf 85' lang='lat' dir='ltr'>augur,</span> <span class='ocrx_word' id='word_1_167' title='bbox 860 3182 894 3266; x_wconf 71' lang='grc' dir='ltr'>ὅτ</span> <span class='ocrx_word' id='word_1_168' title='bbox 917 3180 1010 3249; x_wconf 85' lang='lat' dir='ltr'>Indus</span> 
     </span>
     <span class='ocr_line' id='line_1_27' title="bbox 69 3298 964 3394; baseline -0.006 -26"><span class='ocrx_word' id='word_1_169' title='bbox 69 3327 71 3332; x_wconf 92' lang='lat'><em>·</em></span> <span class='ocrx_word' id='word_1_170' title='bbox 113 3299 310 3387; x_wconf 75' lang='lat' dir='ltr'>Condubius,</span> <span class='ocrx_word' id='word_1_171' title='bbox 333 3305 418 3372; x_wconf 88' lang='lat' dir='ltr'>dabit</span> <span class='ocrx_word' id='word_1_172' title='bbox 439 3322 613 3388; x_wconf 84' lang='lat' dir='ltr'>astrorum,</span> <span class='ocrx_word' id='word_1_173' title='bbox 635 3303 805 3394; x_wconf 86' lang='lat' dir='ltr'>mundique</span> <span class='ocrx_word' id='word_1_174' title='bbox 828 3298 964 3391; x_wconf 86' lang='lat' dir='ltr'>peritus,</span> 
     </span>
     <span class='ocr_line' id='line_1_28' title="bbox 115 3412 1000 3514; baseline -0.003 -29"><span class='ocrx_word' id='word_1_175' title='bbox 115 3412 224 3509; x_wconf 78' lang='lat' dir='ltr'>Atque</span> <span class='ocrx_word' id='word_1_176' title='bbox 246 3420 354 3512; x_wconf 79' lang='lat' dir='ltr'>aliquis</span> <span class='ocrx_word' id='word_1_177' title='bbox 375 3422 497 3507; x_wconf 88' lang='lat' dir='ltr'>senior,</span> <span class='ocrx_word' id='word_1_178' title='bbox 519 3422 571 3514; x_wconf 88' lang='lat' dir='ltr'>qui</span> <span class='ocrx_word' id='word_1_179' title='bbox 594 3423 712 3513; x_wconf 86' lang='lat' dir='ltr'>publica</span> <span class='ocrx_word' id='word_1_180' title='bbox 733 3418 857 3510; x_wconf 80' lang='lat' dir='ltr'>fulgura</span> <span class='ocrx_word' id='word_1_181' title='bbox 878 3417 1000 3496; x_wconf 57' lang='lat' dir='ltr'>condit5</span> 
     </span>
    </p>
   </div>
   <div class='ocr_carea' id='block_1_5' title="bbox 671 3537 742 3607">
    <p class='ocr_par' dir='ltr' id='par_1_12' title="bbox 671 3537 742 3607">
     <span class='ocr_line' id='line_1_29' title="bbox 671 3537 742 3607; baseline 0.028 -2"><span class='ocrx_word' id='word_1_182' title='bbox 671 3537 742 3607; x_wconf 86' lang='lat' dir='ltr'>E4</span> 
     </span>
    </p>
   </div>
   <div class='ocr_carea' id='block_1_6' title="bbox 0 0 1351 3934">
    <p class='ocr_par' dir='ltr' id='par_1_13' title="bbox 0 0 1351 3934">
     <span class='ocr_line' id='line_1_30' title="bbox 0 0 1351 3934; baseline 0 0"><span class='ocrx_word' id='word_1_183' title='bbox 0 0 1351 3934; x_wconf 95' lang='lat' dir='ltr'> </span> 
     </span>
    </p>
   </div>
  </div>
 </body>
</html>
