<?xml version="1.0" encoding="UTF-8"?>
<!DOCTYPE html PUBLIC "-//W3C//DTD XHTML 1.0 Transitional//EN"
    "http://www.w3.org/TR/xhtml1/DTD/xhtml1-transitional.dtd">
<html xmlns="http://www.w3.org/1999/xhtml" xml:lang="en" lang="en">
 <head>
  <title>
</title>
<meta http-equiv="Content-Type" content="text/html;charset=utf-8" />
  <meta name='ocr-system' content='tesseract 3.04.00' />
  <meta name='ocr-capabilities' content='ocr_page ocr_carea ocr_par ocr_line ocrx_word'/>
</head>
<body>
  <div class='ocr_page' id='page_1' title='image "./djuniijuvenalis00casagoog_0042.png"; bbox 0 0 2634 3934; ppageno 0'>
   <div class='ocr_carea' id='block_1_1' title="bbox 371 210 1150 303">
    <p class='ocr_par' dir='ltr' id='par_1_1' title="bbox 371 210 1150 303">
     <span class='ocr_line' id='line_1_1' title="bbox 371 210 1150 303; baseline 0 -13"><span class='ocrx_word' id='word_1_1' title='bbox 371 239 443 290; x_wconf 80' lang='lat' dir='ltr'>xxx</span> <span class='ocrx_word' id='word_1_2' title='bbox 544 214 609 287; x_wconf 88' lang='lat' dir='ltr'>DE</span> <span class='ocrx_word' id='word_1_3' title='bbox 633 210 827 286; x_wconf 81' lang='lat' dir='ltr'>SATYRA</span> <span class='ocrx_word' id='word_1_4' title='bbox 852 210 1150 303; x_wconf 83' lang='lat' dir='ltr'>IUVENALIS</span> 
     </span>
    </p>
   </div>
   <div class='ocr_carea' id='block_1_2' title="bbox 298 364 1215 3219">
    <p class='ocr_par' dir='ltr' id='par_1_2' title="bbox 298 364 1215 3219">
     <span class='ocr_line' id='line_1_2' title="bbox 371 364 1215 465; baseline -0.004 -18"><span class='ocrx_word' id='word_1_5' title='bbox 371 375 524 465; x_wconf 72' lang='lat' dir='ltr'>simum,</span> <span class='ocrx_word' id='word_1_6' title='bbox 548 396 588 446; x_wconf 91' lang='lat' dir='ltr'>ut</span> <span class='ocrx_word' id='word_1_7' title='bbox 603 376 737 462; x_wconf 76' lang='lat' dir='ltr'>copiosa</span> <span class='ocrx_word' id='word_1_8' title='bbox 761 372 992 464; x_wconf 85' lang='lat' dir='ltr'>exemplorum</span> <span class='ocrx_word' id='word_1_9' title='bbox 1007 364 1215 447; x_wconf 79' lang='lat' dir='ltr'>varietate·</span> 
     </span>
     <span class='ocr_line' id='line_1_3' title="bbox 371 498 1215 591; baseline -0.001 -20"><span class='ocrx_word' id='word_1_10' title='bbox 371 498 517 591; x_wconf 87' lang='lat' dir='ltr'>pletem,</span> <span class='ocrx_word' id='word_1_11' title='bbox 540 508 576 575; x_wconf 73' lang='grc' dir='ltr'>ἀ</span> <span class='ocrx_word' id='word_1_12' title='bbox 600 504 714 572; x_wconf 80' lang='lat' dir='ltr'>omnia</span> <span class='ocrx_word' id='word_1_13' title='bbox 737 501 911 573; x_wconf 81' lang='lat' dir='ltr'>Caesarum</span> <span class='ocrx_word' id='word_1_14' title='bbox 941 500 1113 572; x_wconf 81' lang='lat' dir='ltr'>historica</span> <span class='ocrx_word' id='word_1_15' title='bbox 1141 498 1215 570; x_wconf 87' lang='lat' dir='ltr'>ube</span> 
     </span>
     <span class='ocr_line' id='line_1_4' title="bbox 370 624 1215 719; baseline -0.006 -21"><span class='ocrx_word' id='word_1_16' title='bbox 370 629 562 715; x_wconf 84' lang='lat' dir='ltr'>septenariis</span> <span class='ocrx_word' id='word_1_17' title='bbox 585 624 821 719; x_wconf 69' lang='lat' dir='ltr'>complexum,</span> <span class='ocrx_word' id='word_1_18' title='bbox 843 626 1043 717; x_wconf 79' lang='lat' dir='ltr'>Iuvenalem</span> <span class='ocrx_word' id='word_1_19' title='bbox 1071 647 1171 696; x_wconf 84' lang='lat' dir='ltr'>vero</span> <span class='ocrx_word' id='word_1_20' title='bbox 1201 647 1215 692; x_wconf 83' lang='grc' dir='ltr'>ι</span> 
     </span>
     <span class='ocr_line' id='line_1_5' title="bbox 298 752 1215 848; baseline -0.008 -23"><span class='ocrx_word' id='word_1_21' title='bbox 298 812 300 817; x_wconf 95' lang='grc'>.</span> <span class='ocrx_word' id='word_1_22' title='bbox 371 760 508 848; x_wconf 83' lang='lat' dir='ltr'>gistrum</span> <span class='ocrx_word' id='word_1_23' title='bbox 533 756 654 824; x_wconf 87' lang='lat' dir='ltr'>veteris</span> <span class='ocrx_word' id='word_1_24' title='bbox 678 754 857 843; x_wconf 85' lang='lat' dir='ltr'>disciplinae</span> <span class='ocrx_word' id='word_1_25' title='bbox 880 776 921 823; x_wconf 87' lang='lat' dir='ltr'>ac</span> <span class='ocrx_word' id='word_1_26' title='bbox 936 753 1045 821; x_wconf 90' lang='lat' dir='ltr'>totius</span> <span class='ocrx_word' id='word_1_27' title='bbox 1074 752 1166 832; x_wconf 70' lang='lat' dir='ltr'>vitae</span> <span class='ocrx_word' id='word_1_28' title='bbox 1195 753 1215 818; x_wconf 71' lang='lat' dir='ltr'>in</span> 
     </span>
     <span class='ocr_line' id='line_1_6' title="bbox 371 878 1215 971; baseline -0.011 -18"><span class='ocrx_word' id='word_1_29' title='bbox 371 906 422 953; x_wconf 82' lang='lat' dir='ltr'>nae</span> <span class='ocrx_word' id='word_1_30' title='bbox 446 903 614 951; x_wconf 82' lang='lat' dir='ltr'>censorem</span> <span class='ocrx_word' id='word_1_31' title='bbox 638 880 892 971; x_wconf 83' lang='lat' dir='ltr'>gravissimum,</span> <span class='ocrx_word' id='word_1_32' title='bbox 923 879 959 949; x_wconf 91' lang='lat' dir='ltr'>in</span> <span class='ocrx_word' id='word_1_33' title='bbox 983 894 1114 947; x_wconf 80' lang='lat' dir='ltr'>arcana</span> <span class='ocrx_word' id='word_1_34' title='bbox 1141 878 1215 962; x_wconf 78' lang='lat' dir='ltr'>ipsa</span> 
     </span>
     <span class='ocr_line' id='line_1_7' title="bbox 370 1008 1162 1095; baseline -0.003 -19"><span class='ocrx_word' id='word_1_35' title='bbox 370 1008 446 1079; x_wconf 83' lang='lat' dir='ltr'>ru&#39;m</span> <span class='ocrx_word' id='word_1_36' title='bbox 470 1014 704 1079; x_wconf 78' lang='lat' dir='ltr'>summotum</span> <span class='ocrx_word' id='word_1_37' title='bbox 729 1008 868 1095; x_wconf 85' lang='lat' dir='ltr'>imperio</span> <span class='ocrx_word' id='word_1_38' title='bbox 892 1018 1162 1093; x_wconf 81' lang='lat' dir='ltr'>penetrantem.</span> 
     </span>
     <span class='ocr_line' id='line_1_8' title="bbox 372 1108 1215 1218; baseline -0.006 -16"><span class='ocrx_word' id='word_1_39' title='bbox 372 1152 467 1202; x_wconf 88' lang='lat' dir='ltr'>mum</span> <span class='ocrx_word' id='word_1_40' title='bbox 491 1154 579 1202; x_wconf 89' lang='lat' dir='ltr'>voco</span> <span class='ocrx_word' id='word_1_41' title='bbox 593 1127 778 1218; x_wconf 48' lang='lat' dir='ltr'>*imperium</span> <span class='ocrx_word' id='word_1_42' title='bbox 810 1108 949 1201; x_wconf 70' lang='lat' dir='ltr'>encelsae</span> <span class='ocrx_word' id='word_1_43' title='bbox 972 1131 1103 1200; x_wconf 89' lang='lat' dir='ltr'>mentis</span> <span class='ocrx_word' id='word_1_44' title='bbox 1128 1127 1215 1200; x_wconf 83' lang='lat' dir='ltr'>subii</span> 
     </span>
     <span class='ocr_line' id='line_1_9' title="bbox 370 1252 1215 1357; baseline -0.004 -31"><span class='ocrx_word' id='word_1_45' title='bbox 370 1252 506 1344; x_wconf 88' lang='lat' dir='ltr'>stilum,</span> <span class='ocrx_word' id='word_1_46' title='bbox 531 1276 600 1343; x_wconf 90' lang='lat' dir='ltr'>quo</span> <span class='ocrx_word' id='word_1_47' title='bbox 623 1275 659 1324; x_wconf 87' lang='lat' dir='ltr'>se</span> <span class='ocrx_word' id='word_1_48' title='bbox 682 1272 778 1344; x_wconf 77' lang='lat' dir='ltr'>supra</span> <span class='ocrx_word' id='word_1_49' title='bbox 787 1255 979 1357; x_wconf 79' lang='lat' dir='ltr'>mortalium</span> <span class='ocrx_word' id='word_1_50' title='bbox 1002 1253 1215 1325; x_wconf 77' lang='lat' dir='ltr'>nobilissima</span> 
     </span>
     <span class='ocr_line' id='line_1_10' title="bbox 369 1351 1214 1471; baseline -0.005 -23"><span class='ocrx_word' id='word_1_51' title='bbox 369 1377 442 1471; x_wconf 80' lang='lat' dir='ltr'>git,</span> <span class='ocrx_word' id='word_1_52' title='bbox 465 1383 501 1450; x_wconf 73' lang='grc' dir='ltr'>ἀ</span> <span class='ocrx_word' id='word_1_53' title='bbox 519 1380 633 1448; x_wconf 74' lang='lat' dir='ltr'>omnia</span> <span class='ocrx_word' id='word_1_54' title='bbox 655 1376 713 1448; x_wconf 82' lang='lat' dir='ltr'>illa</span> <span class='ocrx_word' id='word_1_55' title='bbox 737 1393 911 1466; x_wconf 76' lang='lat' dir='ltr'>tamquam</span> <span class='ocrx_word' id='word_1_56' title='bbox 932 1351 1117 1467; x_wconf 84' lang='lat' dir='ltr'>puerorum</span> <span class='ocrx_word' id='word_1_57' title='bbox 1142 1398 1214 1465; x_wconf 89' lang='lat' dir='ltr'>pup</span> 
     </span>
     <span class='ocr_line' id='line_1_11' title="bbox 368 1498 1215 1603; baseline -0.006 -30"><span class='ocrx_word' id='word_1_58' title='bbox 368 1505 545 1591; x_wconf 82' lang='lat' dir='ltr'>crepundia</span> <span class='ocrx_word' id='word_1_59' title='bbox 570 1500 736 1591; x_wconf 79' lang='lat' dir='ltr'>despicit,</span> <span class='ocrx_word' id='word_1_60' title='bbox 774 1521 812 1572; x_wconf 92' lang='lat' dir='ltr'>ut</span> <span class='ocrx_word' id='word_1_61' title='bbox 836 1498 939 1580; x_wconf 84' lang='lat' dir='ltr'>solius</span> <span class='ocrx_word' id='word_1_62' title='bbox 962 1503 1098 1603; x_wconf 74' lang='lat' dir='ltr'>uirtutis</span> <span class='ocrx_word' id='word_1_63' title='bbox 1129 1506 1215 1570; x_wconf 84' lang='lat' dir='ltr'>ratic</span> 
     </span>
     <span class='ocr_line' id='line_1_12' title="bbox 352 1628 1202 1716; baseline -0.008 -14"><span class='ocrx_word' id='word_1_64' title='bbox 352 1630 560 1713; x_wconf 74' lang='lat' dir='ltr'>,habendam</span> <span class='ocrx_word' id='word_1_65' title='bbox 582 1652 652 1700; x_wconf 83' lang='lat' dir='ltr'>esse</span> <span class='ocrx_word' id='word_1_66' title='bbox 676 1642 931 1701; x_wconf 83' lang='lat' dir='ltr'>commonstret.</span> <span class='ocrx_word' id='word_1_67' title='bbox 959 1628 1073 1716; x_wconf 82' lang='lat' dir='ltr'>Nam,</span> <span class='ocrx_word' id='word_1_68' title='bbox 1097 1644 1137 1697; x_wconf 91' lang='lat' dir='ltr'>ut</span> <span class='ocrx_word' id='word_1_69' title='bbox 1160 1646 1202 1696; x_wconf 77' lang='lat' dir='ltr'>ea</span> 
     </span>
     <span class='ocr_line' id='line_1_13' title="bbox 371 1734 1215 1845; baseline -0.001 -20"><span class='ocrx_word' id='word_1_70' title='bbox 371 1774 481 1827; x_wconf 80' lang='lat' dir='ltr'>tamus</span> <span class='ocrx_word' id='word_1_71' title='bbox 513 1778 588 1845; x_wconf 80' lang='lat' dir='ltr'>quae</span> <span class='ocrx_word' id='word_1_72' title='bbox 610 1775 688 1827; x_wconf 83' lang='lat' dir='ltr'>sunt</span> <span class='ocrx_word' id='word_1_73' title='bbox 712 1753 852 1842; x_wconf 71' lang='lat' dir='ltr'>publica·</span> <span class='ocrx_word' id='word_1_74' title='bbox 869 1759 911 1828; x_wconf 72' lang='grc' dir='ltr'>δι</span> <span class='ocrx_word' id='word_1_75' title='bbox 935 1754 979 1825; x_wconf 94' lang='lat' dir='ltr'>ob</span> <span class='ocrx_word' id='word_1_76' title='bbox 1002 1734 1215 1824; x_wconf 67' lang='lat' dir='ltr'>o‘culos&#39;omn</span> 
     </span>
     <span class='ocr_line' id='line_1_14' title="bbox 336 1853 1215 1969; baseline -0.011 -18"><span class='ocrx_word' id='word_1_77' title='bbox 336 1955 338 1959; x_wconf 81' lang='lat'><em>.</em></span> <span class='ocrx_word' id='word_1_78' title='bbox 372 1884 498 1969; x_wconf 75' lang='lat' dir='ltr'>posita,</span> <span class='ocrx_word' id='word_1_79' title='bbox 530 1894 610 1961; x_wconf 76' lang='lat' dir='ltr'>puta</span> <span class='ocrx_word' id='word_1_80' title='bbox 644 1853 880 1964; x_wconf 78' lang='lat' dir='ltr'>impietatem,</span> <span class='ocrx_word' id='word_1_81' title='bbox 914 1880 1063 1964; x_wconf 80' lang='lat' dir='ltr'>fastum,</span> <span class='ocrx_word' id='word_1_82' title='bbox 1096 1878 1215 1947; x_wconf 78' lang='lat' dir='ltr'>avarici</span> 
     </span>
     <span class='ocr_line' id='line_1_15' title="bbox 370 1996 1215 2102; baseline -0.008 -29"><span class='ocrx_word' id='word_1_83' title='bbox 370 1998 568 2087; x_wconf 81' lang='lat' dir='ltr'>libidinem,</span> <span class='ocrx_word' id='word_1_84' title='bbox 601 1996 716 2102; x_wconf 72' lang='lat' dir='ltr'>iniquo</span> <span class='ocrx_word' id='word_1_85' title='bbox 742 2001 923 2086; x_wconf 72' lang='lat' dir='ltr'>tyrannice</span> <span class='ocrx_word' id='word_1_86' title='bbox 947 2000 1110 2086; x_wconf 83' lang='lat' dir='ltr'>potestatis</span> <span class='ocrx_word' id='word_1_87' title='bbox 1131 2000 1215 2082; x_wconf 87' lang='lat' dir='ltr'>impe</span> 
     </span>
     <span class='ocr_line' id='line_1_16' title="bbox 373 2120 1204 2218; baseline -0.005 -21"><span class='ocrx_word' id='word_1_88' title='bbox 373 2150 450 2218; x_wconf 83' lang='lat' dir='ltr'>qute</span> <span class='ocrx_word' id='word_1_89' title='bbox 482 2129 562 2197; x_wconf 88' lang='lat' dir='ltr'>totis</span> <span class='ocrx_word' id='word_1_90' title='bbox 595 2125 719 2211; x_wconf 76' lang='lat' dir='ltr'>Satyris</span> <span class='ocrx_word' id='word_1_91' title='bbox 753 2124 979 2211; x_wconf 85' lang='lat' dir='ltr'>persequitur,</span> <span class='ocrx_word' id='word_1_92' title='bbox 1011 2120 1037 2191; x_wconf 91' lang='lat' dir='ltr'>si</span> <span class='ocrx_word' id='word_1_93' title='bbox 1067 2120 1204 2210; x_wconf 77' lang='lat' dir='ltr'>privata,</span> 
     </span>
     <span class='ocr_line' id='line_1_17' title="bbox 374 2246 1215 2346; baseline -0.011 -22"><span class='ocrx_word' id='word_1_94' title='bbox 374 2276 456 2346; x_wconf 81' lang='lat' dir='ltr'>quae.</span> <span class='ocrx_word' id='word_1_95' title='bbox 472 2248 544 2339; x_wconf 89' lang='lat' dir='ltr'>ipse</span> <span class='ocrx_word' id='word_1_96' title='bbox 565 2248 717 2337; x_wconf 81' lang='lat' dir='ltr'>quamvis</span> <span class='ocrx_word' id='word_1_97' title='bbox 740 2249 777 2318; x_wconf 89' lang='lat' dir='ltr'>in</span> <span class='ocrx_word' id='word_1_98' title='bbox 802 2268 987 2319; x_wconf 82' lang='lat' dir='ltr'>transcursu</span> <span class='ocrx_word' id='word_1_99' title='bbox 1011 2246 1155 2335; x_wconf 85' lang='lat' dir='ltr'>divertit,</span> <span class='ocrx_word' id='word_1_100' title='bbox 1177 2248 1215 2316; x_wconf 87' lang='lat' dir='ltr'>in</span> 
     </span>
     <span class='ocr_line' id='line_1_18' title="bbox 372 2360 1215 2462; baseline -0.011 -14"><span class='ocrx_word' id='word_1_101' title='bbox 372 2402 447 2448; x_wconf 88' lang='lat' dir='ltr'>cere</span> <span class='ocrx_word' id='word_1_102' title='bbox 470 2360 571 2460; x_wconf 80' lang='lat' dir='ltr'>libet,</span> <span class='ocrx_word' id='word_1_103' title='bbox 595 2372 837 2462; x_wconf 86' lang='lat' dir='ltr'>comperiemus</span> <span class='ocrx_word' id='word_1_104' title='bbox 848 2377 965 2444; x_wconf 74' lang='lat' dir='ltr'>:etiam</span> <span class='ocrx_word' id='word_1_105' title='bbox 989 2374 1025 2444; x_wconf 91' lang='lat' dir='ltr'>in</span> <span class='ocrx_word' id='word_1_106' title='bbox 1047 2373 1083 2444; x_wconf 89' lang='lat' dir='ltr'>iis</span> <span class='ocrx_word' id='word_1_107' title='bbox 1102 2396 1170 2462; x_wconf 80' lang='lat' dir='ltr'>quae</span> <span class='ocrx_word' id='word_1_108' title='bbox 1191 2396 1215 2460; x_wconf 74' lang='lat' dir='ltr'>p:</span> 
     </span>
     <span class='ocr_line' id='line_1_19' title="bbox 370 2492 1215 2593; baseline -0.002 -24"><span class='ocrx_word' id='word_1_109' title='bbox 370 2497 458 2570; x_wconf 72' lang='lat' dir='ltr'>clara</span> <span class='ocrx_word' id='word_1_110' title='bbox 489 2492 692 2585; x_wconf 68' lang='lat' dir='ltr'>sapientibus</span> <span class='ocrx_word' id='word_1_111' title='bbox 723 2497 907 2589; x_wconf 88' lang='lat' dir='ltr'>videntur,</span> <span class='ocrx_word' id='word_1_112' title='bbox 939 2498 1091 2593; x_wconf 83' lang='lat' dir='ltr'>nonnulla</span> <span class='ocrx_word' id='word_1_113' title='bbox 1112 2498 1215 2569; x_wconf 78' lang='lat' dir='ltr'>Cento</span> 
     </span>
     <span class='ocr_line' id='line_1_20' title="bbox 372 2621 1215 2709; baseline -0.005 -12"><span class='ocrx_word' id='word_1_114' title='bbox 372 2626 557 2697; x_wconf 79' lang='lat' dir='ltr'>severitatis</span> <span class='ocrx_word' id='word_1_115' title='bbox 588 2621 711 2709; x_wconf 82' lang='lat' dir='ltr'>iudicio</span> <span class='ocrx_word' id='word_1_116' title='bbox 743 2629 980 2699; x_wconf 71' lang='lat' dir='ltr'>denotatione</span> <span class='ocrx_word' id='word_1_117' title='bbox 1011 2626 1091 2701; x_wconf 87' lang='lat' dir='ltr'>haud</span> <span class='ocrx_word' id='word_1_118' title='bbox 1112 2625 1215 2696; x_wconf 82' lang='lat' dir='ltr'>immet</span> 
     </span>
     <span class='ocr_line' id='line_1_21' title="bbox 338 2746 1215 2843; baseline -0.007 -22"><span class='ocrx_word' id='word_1_119' title='bbox 338 2814 341 2821; x_wconf 92' lang='grc'><em>,</em></span> <span class='ocrx_word' id='word_1_120' title='bbox 371 2746 470 2819; x_wconf 88' lang='lat' dir='ltr'>fuisse</span> <span class='ocrx_word' id='word_1_121' title='bbox 493 2748 689 2843; x_wconf 62' lang='lat' dir='ltr'>perstriiitm⁶</span> <span class='ocrx_word' id='word_1_122' title='bbox 716 2749 816 2842; x_wconf 78' lang='lat' dir='ltr'>Qid</span> <span class='ocrx_word' id='word_1_123' title='bbox 847 2756 883 2824; x_wconf 91' lang='lat' dir='ltr'>in</span> <span class='ocrx_word' id='word_1_124' title='bbox 907 2753 1055 2825; x_wconf 75' lang='lat' dir='ltr'>universo</span> <span class='ocrx_word' id='word_1_125' title='bbox 1080 2749 1215 2821; x_wconf 79' lang='lat' dir='ltr'>humanio</span> 
     </span>
     <span class='ocr_line' id='line_1_22' title="bbox 372 2860 1215 2970; baseline -0.001 -26"><span class='ocrx_word' id='word_1_126' title='bbox 372 2860 554 2946; x_wconf 75' lang='lat' dir='ltr'>litteratura</span> <span class='ocrx_word' id='word_1_127' title='bbox 579 2877 668 2964; x_wconf 86' lang='lat' dir='ltr'>ptius</span> <span class='ocrx_word' id='word_1_128' title='bbox 691 2894 749 2947; x_wconf 87' lang='lat' dir='ltr'>aut</span> <span class='ocrx_word' id='word_1_129' title='bbox 773 2881 944 2970; x_wconf 81' lang='lat' dir='ltr'>antiquius</span> <span class='ocrx_word' id='word_1_130' title='bbox 968 2880 1121 2950; x_wconf 83' lang='lat' dir='ltr'>Homero?</span> <span class='ocrx_word' id='word_1_131' title='bbox 1142 2880 1178 2960; x_wconf 80' lang='grc' dir='ltr'>Ιδι</span> <span class='ocrx_word' id='word_1_132' title='bbox 1198 2895 1215 2943; x_wconf 88' lang='lat' dir='ltr'>t.</span> 
     </span>
     <span class='ocr_line' id='line_1_23' title="bbox 373 2997 1214 3094; baseline -0.008 -22"><span class='ocrx_word' id='word_1_133' title='bbox 373 3022 451 3074; x_wconf 89' lang='lat' dir='ltr'>men</span> <span class='ocrx_word' id='word_1_134' title='bbox 475 2997 628 3094; x_wconf 72' lang='lat' dir='ltr'>pleraque</span> <span class='ocrx_word' id='word_1_135' title='bbox 652 3000 687 3075; x_wconf 93' lang='lat' dir='ltr'>in</span> <span class='ocrx_word' id='word_1_136' title='bbox 703 3024 746 3075; x_wconf 94' lang='lat' dir='ltr'>eo</span> <span class='ocrx_word' id='word_1_137' title='bbox 769 3028 839 3076; x_wconf 87' lang='lat' dir='ltr'>esse</span> <span class='ocrx_word' id='word_1_138' title='bbox 863 3029 937 3094; x_wconf 83' lang='lat' dir='ltr'>quae</span> <span class='ocrx_word' id='word_1_139' title='bbox 954 3004 1075 3076; x_wconf 87' lang='lat' dir='ltr'>defendi</span> <span class='ocrx_word' id='word_1_140' title='bbox 1096 3002 1148 3070; x_wconf 85' lang='lat' dir='ltr'>nisi</span> <span class='ocrx_word' id='word_1_141' title='bbox 1165 3002 1214 3068; x_wconf 77' lang='lat' dir='ltr'>‘ant</span> 
     </span>
     <span class='ocr_line' id='line_1_24' title="bbox 372 3125 1132 3219; baseline -0.007 -23"><span class='ocrx_word' id='word_1_142' title='bbox 372 3127 501 3215; x_wconf 77' lang='lat' dir='ltr'>quitate</span> <span class='ocrx_word' id='word_1_143' title='bbox 524 3153 593 3200; x_wconf 93' lang='lat' dir='ltr'>non</span> <span class='ocrx_word' id='word_1_144' title='bbox 617 3132 764 3219; x_wconf 88' lang='lat' dir='ltr'>possint,</span> <span class='ocrx_word' id='word_1_145' title='bbox 791 3133 902 3201; x_wconf 91' lang='lat' dir='ltr'>innuit</span> <span class='ocrx_word' id='word_1_146' title='bbox 929 3132 1042 3218; x_wconf 78' lang='lat' dir='ltr'>Satyra</span> <span class='ocrx_word' id='word_1_147' title='bbox 1062 3125 1132 3195; x_wconf 87' lang='lat' dir='ltr'>VII:</span> 
     </span>
    </p>
   </div>
   <div class='ocr_carea' id='block_1_3' title="bbox 395 3256 1151 3436">
    <p class='ocr_par' dir='ltr' id='par_1_3' title="bbox 395 3256 1151 3436">
     <span class='ocr_line' id='line_1_25' title="bbox 398 3256 1151 3345; baseline 0.009 -27"><span class='ocrx_word' id='word_1_148' title='bbox 398 3259 465 3341; x_wconf 82' lang='lat' dir='ltr'>Ipse</span> <span class='ocrx_word' id='word_1_149' title='bbox 485 3256 567 3345; x_wconf 77' lang='lat' dir='ltr'>facit</span> <span class='ocrx_word' id='word_1_150' title='bbox 589 3278 715 3343; x_wconf 76' lang='lat' dir='ltr'>versus,</span> <span class='ocrx_word' id='word_1_151' title='bbox 739 3276 828 3341; x_wconf 78' lang='lat' dir='ltr'>arque</span> <span class='ocrx_word' id='word_1_152' title='bbox 853 3259 905 3326; x_wconf 75' lang='lat' dir='ltr'>uni</span> <span class='ocrx_word' id='word_1_153' title='bbox 926 3258 1005 3328; x_wconf 75' lang='lat' dir='ltr'>cedit</span> <span class='ocrx_word' id='word_1_154' title='bbox 1027 3260 1126 3321; x_wconf 74' lang='lat' dir='ltr'>umero</span> <span class='ocrx_word' id='word_1_155' title='bbox 1144 3306 1151 3325; x_wconf 30' lang='grc' dir='ltr'>ψ.</span> 
     </span>
     <span class='ocr_line' id='line_1_26' title="bbox 395 3347 757 3436; baseline -0.003 -21"><span class='ocrx_word' id='word_1_156' title='bbox 395 3347 522 3436; x_wconf 80' lang='lat' dir='ltr'>Propter</span> <span class='ocrx_word' id='word_1_157' title='bbox 548 3348 631 3418; x_wconf 73' lang='lat' dir='ltr'>nme</span> <span class='ocrx_word' id='word_1_158' title='bbox 655 3371 757 3418; x_wconf 78' lang='lat' dir='ltr'>annos.</span> 
     </span>
    </p>
   </div>
   <div class='ocr_carea' id='block_1_4' title="bbox 0 0 1323 3934">
    <p class='ocr_par' dir='ltr' id='par_1_4' title="bbox 0 0 1323 3934">
     <span class='ocr_line' id='line_1_27' title="bbox 0 0 1323 3934; baseline 0 0"><span class='ocrx_word' id='word_1_159' title='bbox 0 0 1323 3934; x_wconf 95' lang='lat' dir='ltr'> </span> 
     </span>
    </p>
   </div>
  </div>
 </body>
</html>
