2634 3934
377 291 781 374 surrunvu
991 277 1033 386 ῃ

92 443 243 519 Gaudet
250 465 261 536 3
282 465 321 516 an
343 452 517 542 exspellas,
535 470 571 518 ut
592 450 804 542 Quintilianus
828 460 969 524 ametur?

92 567 240 659 Accipis
262 588 408 651 uxorem,
431 569 471 635 de
492 591 552 657 qua
574 567 761 636 citharoedus
781 569 920 652 Echion,

91 681 182 751 Aut
197 675 375 773 Glaphyrus
398 683 454 748 liat
476 699 584 773 pater,
606 679 845 777 Ambrosiusque
858 687 1033 759 choraules.

92 800 224 893 Longa
246 823 303 891 per
324 814 472 889 angustos
493 799 621 893 ligamus
641 801 762 892 pulpita
786 805 882 874 virosa

91 918 278 984 Ornentur
300 930 420 1004 postes,
443 914 479 985 tc
500 917 610 1011 grandi
627 920 720 999 ianua
740 921 844 1003 lauro,

92 1031 165 1102 Ut
191 1031 367 1097 testudineo
389 1031 460 1117 tihi,
481 1033 640 1118 Lentule,
661 1058 803 1127 conopeo

89 1147 233 1218 Nobilis
255 1146 421 1229 Euryalum
443 1153 661 1220 mirmillonem
684 1152 838 1244 exprimat
858 1148 975 1218 insanst

91 1265 220 1355 Nu'pta
241 1269 376 1332 senatori
398 1273 544 1335 comitata
568 1285 617 1333 est
639 1268 760 1359 Hippia
782 1267 917 1336 Ludium

94 1380 165 1449 Ad
185 1379 329 1464 Pharon,
351 1379 387 1447 ἃ
407 1382 531 1468 Nilum,
550 1380 728 1476 famosaque
748 1388 864 1456 moeoia
885 1371 986 1479 Lagi,

93 1497 255 1592 Prodigia
277 1496 313 1566 δε
333 1520 433 1565 mores
457 1498 554 1570 Urbis
575 1502 746 1570 damnante
766 1502 915 1595 Canopo·

93 1612 278 1681 Immemor
298 1615 351 1681 illa
371 1616 499 1698 domus,
520 1618 556 1681 ὅ(
577 1622 733 1706 conjugis,
757 1636 851 1706 atque
872 1617 983 1682 sororis
1001 1617 1029 1686 ¹.

94 1730 165 1799 Nil
186 1729 297 1816 patriae
320 1728 461 1813 indulsit3
490 1727 723 1816 ploranteisquo
744 1727 880 1817 improba
902 1743 1031 1820 gnatos,

96 1842 227 1932 thue
248 1841 345 1931 magis
368 1857 505 1932 stupeas,
529 1841 617 1908 ludos
638 1841 843 1934 Paridemque
867 1845 1008 1933 reliquit.
1085 1825 1088 1831 ’

96 1960 192 2040 Sed,
208 1978 380 2047 quanquam
394 1958 424 2023 in
441 1960 561 2053 magnis
573 1959 698 2049 opibus,
721 1957 886 2054 plumaque
899 1977 1030 2051 paterna

95 2077 155 2147 Et
175 2075 377 2166 segmentatis
397 2074 558 2143 dormisset
582 2073 716 2178 parvula}
729 2079 834 2161 cunis,

98 2192 287 2262 Contemsit
309 2191 456 2284 pelagus3
477 2191 592 2260 famam
611 2210 823 2261 contemserat
841 2194 936 2277 olim,

99 2308 206 2390 Cujus
227 2308 308 2399 apud
329 2308 449 2374 molleis
469 2311 596 2376 minima
616 2327 665 2375 est
687 2309 799 2392 jathura
821 2309 998 2380 cathedras.

101 2420 288 2506 Tyrrhenos
307 2425 402 2517 igitur
424 2403 549 2510 fludul,
570 2428 695 2519 lateque
715 2445 876 2502 sonantem

99 2535 244 2610 Pertulit
266 2541 386 2626 Ionium
407 2544 561 2610 constanti
582 2543 725 2634 pedore,
746 2545 883 2635 quamvis
944 2617 946 2622 ,
1018 2607 1021 2614 .

101 2651 300 2725 Mutandum
321 2658 415 2721 toties
434 2675 515 2723 esset
537 2679 638 2724 mare.
663 2657 746 2742 Justa
767 2660 876 2748 pericli
979 2739 982 2750 p
1018 2728 1022 2734 ,

101 2773 140 2840 Si
153 2773 235 2839 ratio
250 2769 366 2852 est,·&
381 2772 533 2861 honesta;
544 2774 676 2857 timent,
692 2775 864 2868 pavidoque
880 2769 1027 2868 gelantur

103 2887 256 2971 Pedore,
279 2909 337 2954 nec
361 2892 498 2958 tremulis
521 2909 647 2983 possunt
670 2892 810 2959 insistere
830 2894 961 2985 plautisr

101 3002 236 3073 Fortem
250 3005 386 3072 animum
398 3024 547 3096 prestant
560 3009 661 3092 rebus,
668 3030 742 3099 quas
755 3010 889 3102 turpiter
901 3011 1026 3078 audent.

105 3119 142 3187 si
162 3123 266 3202 jubeat
287 3127 418 3213 conjux3
438 3126 547 3194 durum
569 3142 618 3193 est
638 3126 845 3195 conscendere
867 3126 989 3207 navim,

107 3230 201 3304 Tunc
220 3240 339 3307 sentina
361 3245 480 3335 gravis,
499 3260 573 3311 tunc
595 3267 729 3313 summus
751 3244 977 3314 sortiturae:
1019 3313 1023 3320 ,

107 3350 191 3444 Quae
204 3357 358 3426 moechum
374 3361 523 3452 sequitur,
532 3363 690 3429 stomacho
704 3363 806 3429 valet.
816 3358 874 3425 Illa
882 3360 1026 3428 maritum

107 3466 292 3542 convomit:
315 3475 382 3546 haec
401 3478 486 3549 inter
509 3479 666 3548 nautas&
689 3478 842 3568 prandet,
863 3475 898 3545 dt
920 3491 1005 3544 errat

438 3586 444 3596 ’
661 3585 696 3662 D
722 3618 736 3670 3
