2634 3934
208 316 297 367 „⁶
502 284 920 375 JUVENAMS

278 439 443 516 Frontonis
464 437 599 528 platani,
621 420 823 530 convulsaque
845 463 993 510 marmora
1017 444 1180 513 clamant

278 561 427 650 Semper,
449 552 483 631 dc
503 553 621 626 assiduo
639 572 745 645 ruptae
767 554 879 624 lediote
900 559 1069 625 columnae.
1227 608 1254 711 Ι

279 672 443 767 Exspedes
465 669 573 747 eadem
594 693 612 742 a
634 692 752 747 summo
775 672 957 765 minimoque
972 691 1082 765 poeta.

338 790 382 858 Et
405 808 460 853 nos
482 808 559 879 ergo
580 807 705 852 manum
727 783 835 855 ferulae
856 791 1063 874 subduximus,
1093 789 1138 858 δε
1156 815 1227 868 nos

280 903 454 977 Consilium
474 901 612 968 dedimus
633 899 749 982 Sullae,
770 904 904 992 privatus
925 923 960 972 ut
981 907 1077 972 altum

282 1018 466 1097 Dormirot?
487 1015 590 1085 Stulta
611 1033 659 1082 est
681 1015 866 1101 elementia,
889 1043 960 1087 eum
984 1039 1034 1089 tot
1056 1022 1180 1116 uquue

283 1136 417 1211 Vatibus
439 1154 599 1214 occurras,
621 1132 768 1222 periturae
791 1140 918 1223 pdrcere
939 1135 1073 1204 chartae.

333 1249 409 1337 ¹Cur
431 1267 536 1327 tamen
557 1247 617 1316 hoc
638 1248 741 1341 potius
764 1250 856 1329 libeat
877 1251 1040 1332 desumere
1053 1275 1192 1346 eampo,

283 1365 347 1436 Pet
360 1384 453 1452 quem
474 1378 602 1454 magnus
624 1387 719 1454 equos
733 1361 892 1432 Aurunca·
914 1368 1002 1434 flexit
1024 1369 1190 1439 alumnus:

284 1483 320 1555 si
341 1496 428 1550 vacat
449 1477 485 1547 dt
506 1477 618 1570 placidi
641 1478 793 1549 rationem
816 1480 996 1563 admittitis,
1018 1485 1122 1548 edam

284 1597 372 1668 Cum
394 1574 486 1664 tener
508 1616 638 1662 uxorem
658 1594 751 1662 ducat
773 1594 883 1692 spado,
903 1594 1021 1663 Maevia
1036 1594 1181 1678 Tuscum

286 1716 379 1809 Figat
404 1737 529 1805 aprum,
551 1709 585 1780 dt
609 1712 688 1781 nuda
710 1728 818 1779 teneat
840 1713 984 1780 venabula
1005 1736 1152 1795 mammag

287 1831 437 1907 Patricius
461 1828 576 1894 omneis
598 1830 702 1916 opibus
723 1851 815 1914 quum
836 1846 984 1917 prouocet
1004 1853 1097 1915 unus,

285 1944 361 2032 Quo
384 1941 534 2006 tondente
556 1940 658 2027 gravis
678 1941 782 2019 juveni
802 1941 876 2006 mihi
899 1943 985 2008 barba
1004 1924 1165 2014 sonabam

287 2058 372 2129 Cum
394 2074 461 2145 pars
484 2051 612 2123 Niliaca
635 2052 750 2142 plebis,
769 2056 841 2120 'cum
861 2076 955 2120 verna
968 2052 1109 2146 Canopi.

287 2171 470 2263 Crispinus,
492 2165 603 2250 Tyrias
625 2167 752 2235 humero
773 2187 939 2238 revocante
961 2171 1117 2269 lacernas,

289 2288 437 2367 Ventilet
461 2285 599 2351 aestivum
621 2284 726 2375 digitis
747 2284 921 2354 sudantibus
941 2310 1048 2354 numm
1054 2338 1066 2371 ,

289 2407 359 2475 Nec
379 2400 505 2466 sufferre
530 2416 621 2487 queat
643 2400 766 2481 majoris
787 2401 922 2491 pondera
942 2426 1089 2496 gemmaes

290 2515 426 2589 Difficile
448 2530 495 2581 est
516 2530 649 2595 satyram
672 2540 734 2584 non
748 2517 895 2586 scribere.
918 2519 998 2590 Nam
1013 2522 1078 2613 quis
1092 2521 1201 2616 iniquo

290 2630 375 2701 Tam
397 2632 516 2723 patiens
537 2631 635 2715 urbis,
659 2649 724 2701 tam
745 2631 880 2719 ferreus,
902 2655 938 2705 ut
959 2656 1066 2707 teneat
1087 2645 1140 2710 se?
1166 2702 1169 2709 ,

290 2734 459 2818 Caussidici
481 2770 558 2814 nova
579 2771 649 2814 oum
671 2751 775 2817 ueniat
800 2751 903 2820 leiiica
925 2754 1084 2822 Mathonis
1179 2782 1182 2789 ·

291 2864 389 2935 Plena
410 2863 492 2953 ipso;
516 2879 584 2953 post
606 2863 688 2931 huuc
708 2869 813 2959 magni
834 2869 955 2940 delator
975 2872 1083 2955 amici,

185 3038 189 3047 .
291 2981 337 3049 Et
358 2979 422 3047 cito
443 2995 586 3067 rapturus
608 2981 646 3049 do
671 2983 831 3051 nobilitate
852 3010 990 3068 comesa,

291 3095 386 3188 Quod
395 3095 545 3188 superest,
553 3119 645 3187 quem
653 3097 759 3166 Massa
768 3101 1201 3197 timet‚quemmuaerepalpaa

196 3229 199 3239 '
291 3211 412 3295 Ganos,
433 3210 468 3280 dt
490 3235 507 3279 a
529 3214 651 3304 trepido
666 3211 819 3292 Thymele
840 3217 993 3307 summissa
1014 3214 1147 3290 Latino:

290 3314 376 3396 Cum
399 3344 431 3393 te
454 3347 682 3410 summoveant,
704 3328 757 3416 qui
779 3345 962 3397 testamenta
983 3352 1144 3404 merentur

290 3441 452 3526 Nodibus,
474 3443 506 3514 in
528 3445 642 3520 coeium
665 3464 740 3545 quos
761 3446 864 3527 evehit
887 3449 1002 3542 optima
1024 3455 1132 3535 summi
