2634 3934
323 284 385 344 ,ω
556 254 995 355 JUVENALIS.
1076 222 1093 305 ἶ

318 418 370 487 sic
397 433 517 506 postem
538 404 651 482 adfari:
674 410 744 497 dic,
765 435 785 478 o
807 409 992 495 amoime,
1018 413 1093 505 quis
1115 428 1152 489 te

318 532 482 606 Festinato
503 531 610 617 jubet?
630 529 794 601 meliorem
816 544 929 620 praesto
950 532 1121 625 magistro

319 648 539 739 Discipuluna3
560 668 683 715 securus
705 645 768 717 abi:
792 645 941 735 vinceris,
965 663 1006 713 ut
1032 643 1127 729 Aiax

318 763 479 835 Praeteriit
501 761 728 846 Telamonem,
750 779 787 833 ut
799 761 895 830 Pelea
918 762 999 838 vicit
1015 758 1184 837 Achilles.

318 875 511 951 Parcendum
532 896 581 951 est
604 880 739 965 teneris3
762 876 900 950 hoedum
912 879 1100 970 implevere
1115 878 1251 953 medulla

318 996 462 1067 Maturae
483 996 564 1069 mala
586 994 748 1086 nequitia,
772 987 834 1061 Ast
856 1017 928 1067 cum
949 997 1089 1086 pectere
1112 995 1228 1070 barbam
1276 990 1278 993 ’

318 1111 494 1205 Caeperic,
519 1112 555 1184 dt
579 1110 665 1205 longi
684 1132 862 1183 mucronem
886 1112 1067 1184 admittere
1090 1112 1205 1201 cultri,

317 1227 425 1299 Falsus
447 1218 520 1305 erit'
534 1229 640 1313 testis,
662 1228 776 1299 vendet
798 1228 931 1319 perjuria
951 1250 1083 1297 summa

283 1413 286 1424 ,
317 1343 458 1436 Exigua,
479 1345 654 1423 &Cereris
679 1364 810 1436 tangens
830 1367 977 1436 aramque
1000 1347 1206 1438 pedemque.

317 1457 442 1532 Elatum
472 1465 535 1551 jam
564 1461 658 1532 crede
688 1482 821 1540 nurum,
842 1464 868 1526 si
887 1462 999 1531 limina
1019 1480 1134 1528 vestra

317 1574 491 1647 Mortifera
511 1598 583 1647 cum
604 1577 680 1645 dote
704 1573 799 1647 subit.
820 1573 939 1666 Quibus
963 1574 1020 1645 illa
1045 1594 1213 1665 premetur

317 1690 382 1765 Per
404 1714 544 1769 somnum
564 1690 689 1788 digitis!
717 1689 799 1764 Nam
820 1713 889 1783 quae
911 1706 1064 1782 terraque
1088 1692 1226 1782 ararique

317 1803 521 1907 Adquirenda
552 1830 662 1910 putas,
690 1808 811 1883 brevior
839 1809 889 1881 uia
913 1804 1063 1875 conseret
1087 1810 1153 1875 illi.

318 1921 448 1991 Nuurua
461 1928 544 1999 cuim
560 1927 667 2018 magni
680 1924 803 1993 sceleris
817 1925 921 2017 labor3
942 1926 1012 2001 haec
1019 1948 1087 2021 ego
1094 1938 1237 2013 nunquam

314 2035 491 2127 Mandavi,
514 2039 598 2111 dices
622 2040 716 2128 olim,
736 2061 796 2111 uec
817 2041 891 2111 talia
908 2042 1007 2113 euasi:

193 2198 196 2205 ‹
313 2151 444 2225 Mentis
463 2175 565 2228 caussa
587 2134 679 2229 nialae
699 2172 805 2229 tamen
830 2172 898 2238 est,
922 2154 1068 2252 &origo
1083 2167 1234 2249 peneste.

316 2270 399 2351 Nam
419 2273 554 2367 quisquis
573 2274 680 2368 magni
700 2295 805 2348 census
825 2274 976 2370 praecepit
996 2297 1161 2363 amorem,

314 2388 361 2461 Et
384 2390 464 2461 laevo
484 2388 604 2463 monitu
625 2411 738 2481 pueros
757 2390 900 2481 producit
919 2413 1049 2476 avaros,

314 2503 361 2573 Et
381 2506 433 2596 qui
454 2526 512 2596 per
531 2500 653 2579 fraudes
678 2504 861 2603 patrimonia
882 2507 1106 2599 conduplicare

315 2619 385 2691 Dat
405 2623 600 2707 libertatem,
624 2619 661 2697 dt
686 2639 768 2697 totas
789 2623 918 2699 effundit
939 2623 1075 2699 habenas

315 2735 499 2812 Curriculo:
520 2758 613 2828 quem
634 2738 660 2809 si
684 2761 833 2832 revoces,
853 2740 1016 2812 subsistere
1040 2737 1157 2826 nescit,

314 2848 360 2919 Et
381 2866 415 2919 te
436 2868 597 2925 contemto
619 2856 757 2948 rapitur,
777 2858 928 2947 metisque
948 2857 1078 2931 reliciis.

282 2972 290 2986 '
313 2965 416 3037 Nemo
435 2971 509 3044 satia
528 2972 627 3043 credit
649 2989 770 3047 tantum
790 2951 989 3064 delinquere,
1010 2987 1159 3066 quantum

312 3082 498 3161 Permittas:
522 3087 601 3157 adeo
621 3090 785 3185 indulgent
807 3091 861 3161 sibi
882 3091 973 3159 latius
996 3092 1072 3183 ipsi,

311 3201 396 3272 Cum
421 3206 495 3281 dicis
514 3208 636 3295 juveni:
657 3208 805 3298 stultum,
829 3208 883 3299 qui
902 3208 1000 3276 donet
1022 3204 1137 3290 arnico,

309 3317 377 3410 Qui
399 3339 615 3416 paupertatem
637 3324 742 3408 levet,
764 3325 950 3414 attollatque
971 3317 1150 3416 propinqui:

310 3431 354 3505 Et
374 3439 507 3533 spoliare
527 3434 620 3513 doces
631 3490 644 3534 ,
665 3439 701 3513 dr
721 3440 986 3527 circumscribere,
1008 3441 1043 3513 dt
1064 3428 1147 3509 oraui
