2634 3934
302 242 359 331 ,μ
548 236 974 330 Juueunrrs

297 396 427 469 Labitur
449 392 519 463 hinc
543 394 687 486 quidam,
708 394 802 461 nimia
825 380 989 460 formidine
1011 414 1136 461 cursum

297 507 520 603 Praecipitans,
536 512 735 601 capiturque:
756 528 804 577 ast
819 510 906 576 iilum
921 511 954 578 in
960 509 1091 599 piurima
1108 510 1233 582 setium

297 627 409 705 Frusta
433 626 468 697 dt
481 628 665 718 parricidas,
687 645 722 696 ut
744 627 849 693 multis
870 644 1009 693 mortuus
1031 646 1109 693 unus

299 744 481 826 sufficeret,
503 763 606 821 totum
627 745 756 813 corrosis
779 745 891 810 ossibus
913 745 978 809 edit

300 861 424 933 Vidirix
446 861 557 944 turba,
580 883 638 928 nec
662 861 784 930 ardenti
806 861 930 926 decoxit
950 857 1071 941 aheno,

301 971 369 1045 Aut
384 977 535 1046 verubus:
558 956 686 1070 longum
702 999 796 1066 usqne
809 977 888 1042 adeo
901 977 1084 1063 tardumque
1101 976 1234 1067 putavit

301 1092 483 1185 Exspediare
505 1091 606 1189 focos,
629 1110 776 1160 contenta
799 1092 949 1160 cadavere
973 1091 1086 1166 crudo,

303 1209 388 1279 Heic
410 1210 543 1303 gaudere
565 1210 662 1293 libet,
683 1212 765 1300 quod
788 1234 850 1278 non
872 1208 1036 1275 violaverit
1060 1209 1194 1302 ignem,

301 1326 406 1414 Qrem
427 1348 542 1393 summa
564 1327 637 1398 eceli
660 1347 780 1416 raptum
802 1328 842 1395 de
866 1340 956 1416 parte
975 1322 1188 1391 Prometheus

228 1440 235 1449 “
303 1438 445 1508 Donavit
466 1442 583 1526 terris3
613 1442 769 1507 elemento
793 1443 952 1532 gratulor,
974 1439 1009 1505 dc
1031 1459 1066 1505 te

304 1557 466 1645 Exsultare
491 1579 578 1624 reor.
604 1554 666 1623 Sed
688 1556 741 1647 qui
762 1555 903 1621 mordere
925 1554 1056 1649 cadaver

304 1674 477 1759 Sustinuit,
502 1674 545 1753 nil
568 1696 701 1764 unquam
725 1673 780 1740 hac
802 1692 894 1739 carne
914 1671 1169 1743 libentiusedit.

306 1790 387 1859 Nam
404 1794 527 1859 sceiere
551 1791 582 1856 in
609 1808 698 1857 tanto
721 1813 762 1857 ne
775 1811 912 1881 quaeras,
937 1786 972 1855 dc
986 1789 1130 1875 dubites,
1153 1816 1197 1860 an

305 1904 412 1972 Prima
435 1908 629 1993 voluptatem
652 1909 725 1998 guia
746 1907 895 1994 senserit3
917 1904 1042 1971 ultimus
1064 1926 1194 1993 autem,

305 2017 370 2104 Qui
394 2018 486 2084 stetit
509 2020 660 2084 absumto'
671 2025 824 2102 jam‘toto
845 2043 995 2109 corpore,
1017 2022 1113 2090 duciis

304 2131 369 2200 Per
392 2149 509 2200 terram
533 2133 657 2226 digitis,
680 2136 793 2226 aliquid
815 2135 854 2203 de
872 2137 1024 2228 sanguino
1048 2158 1168 2234 gustat.

306 2240 493 2333 Vascones,
507 2247 574 2320 haec
597 2249 677 2319 f'ama
700 2270 768 2336 est,
791 2253 947 2320 alimentis
968 2255 1080 2327 talibus
1101 2258 1175 2329 oiim

307 2365 489 2465 Produrere
512 2371 640 2435 animas:
663 2370 717 2435 sed
739 2392 788 2435 res
809 2369 948 2452 diversa,
971 2371 1024 2447 sed
1046 2373 1112 2453 iilic
1218 2423 1225 2432 .

310 2483 458 2552 Fortunae
484 2480 596 2551 invidia
619 2501 688 2567 est,
709 2484 922 2576 bellorumque
946 2489 1077 2572 ultima,
1098 2511 1182 2558 casus

307 2598 468 2682 Extremi,
493 2599 596 2694 longae
618 2599 684 2669 dira
706 2601 865 2670 obsidionis
886 2623 1024 2697 egestas.

156 2712 162 2728 ’
260 2783 264 2791 ,
307 2714 419 2796 Hujus
437 2715 539 2797 enim,
557 2718 644 2806 ‹quod
669 2743 750 2785 nunc
771 2723 892 2809 agitur,
914 2722 1084 2791 miserabile
1105 2724 1198 2792 debet

307 2828 493 2920 Exemplum
515 2853 580 2899 esse
601 2832 676 2901 cibi.
697 2833 785 2903 Sicut
808 2834 899 2911 modo
921 2832 999 2909 didia
1019 2841 1093 2907 mihi
1115 2863 1194 2933 gens

306 2942 383 3012 Post
405 2968 510 3013 omnes
532 2949 659 3033 herbas,
681 2970 751 3042 post
771 2952 877 3019 cundia
899 2956 1059 3040 animalia,
1081 2957 1231 3049 quidquid

306 3060 452 3154 Cogebnt
475 3067 561 3132 vacui
584 3070 699 3134 ventris
721 3065 985 3154 soron—hostibus
1004 3074 1075 3166 ipsis
1147 3165 1154 3178 .

310 3178 467 3247 Pailorem
489 3205 525 3248 ac
547 3184 676 3249 maciem
701 3181 736 3251 dc
758 3187 879 3255 tenueis
900 3189 1111 3260 miserantibus
1133 3209 1232 3276 artus,

232 3270 244 3291 x
307 3293 458 3364 Membra
480 3299 579 3365 aliena
601 3295 683 3364 fame
706 3300 901 3386 iacerabant,
926 3327 991 3371 esse
1012 3310 1112 3397 parati
1179 3353 1186 3364 ·
1212 3316 1217 3337 ‘

308 3408 409 3478 Etsua
418 3413 585 3504 :Quisnam
594 3413 1079 3513 hominumueniamdare,quisre
1087 3426 1232 3501 Deorum

1083 3543 1176 3612 Viri-
