2634 3934
326 298 383 361 1n
569 272 998 370 Juvuunrrs

321 422 509 501 Nnntnibus'
524 433 670 499 miserum
692 431 844 525 urgebant
860 424 995 497 Atlanta
1020 424 1143 495 minori
1200 458 1204 465 >
1247 402 1251 417 ¹

320 545 483 617 Pondere.
507 547 652 618 Nondum
674 549 782 643 aliquis
803 548 930 615 sortitus
952 543 1048 612 triste
1075 540 1223 634 profirndi

320 664 511 756 ImPerium,
540 682 594 731 aut
610 665 713 732 Sicula
735 682 842 732 torvus
863 687 934 732 cum
955 666 1099 753 conjuge
1122 644 1248 727 Pluton.

320 779 387 849 Noc
399 797 487 861 rota,
511 803 568 846 nec
585 781 710 864 Furiae,
733 804 792 847 uec
806 804 910 847 saxum
920 831 931 863 ,
952 797 1007 846 aut
1025 777 1170 847 vulturis
1183 774 1239 841 atri

318 893 435 964 Poena:
459 893 513 960 sed
535 893 662 962 infernis
683 896 796 963 hilares
816 898 883 964 sine
906 894 1049 988 Regibus
1073 891 1211 962 umbrae.
1242 934 1245 939 >

317 1010 501 1101 Improbitas
521 1012 576 1077 illo
596 1009 656 1077 fuit
677 1012 860 1111 adrniqabilis
882 1035 965 1081 aevo.

316 1127 497 1197 Credebant
519 1129 577 1194 hoc
599 1130 716 1221 grande
738 1126 840 1213 nefas,
862 1128 898 1196 ὅτ
919 1144 1036 1195 morte
1048 1125 1220 1219 piandum,

317 1243 352 1310 Si
377 1246 495 1325 juvenis
516 1247 624 1313 vetulo
645 1270 707 1313 non
733 1260 956 1328 assurrexerat,
978 1241 1013 1310 dt
1036 1246 1066 1309 si

315 1357 449 1428 Barbato
469 1363 641 1451 cuicunque
662 1387 759 1453 puer;
781 1365 858 1431 licet
877 1365 942 1453 ipse
964 1359 1097 1428 videret

306 1472 410 1571 ,Plura
431 1475 513 1541 domi
536 1473 642 1568 fraga,
662 1476 699 1543 dt
718 1480 850 1555 majores
873 1477 994 1566 glandis
1013 1495 1173 1540 acervos.

315 1586 400 1659 Tam
422 1562 594 1659 benembile
620 1610 689 1658 erat
711 1590 886 1683 praecedere
905 1605 1039 1678 quatuor
1062 1591 1179 1672 annis,

314 1705 480 1801 Primaque
502 1709 656 1800 paradeo
678 1731 771 1790 sacrae
796 1710 910 1800 lanugo
930 1702 1090 1771 senedae!

316 1822 428 1907 Nunc,
451 1827 476 1890 si
498 1825 672 1917 depositum
694 1849 757 1892 non
779 1823 932 1894 inficietur
951 1821 1088 1903 amicuS,

313 1936 347 2002 Si
370 1938 478 2002 reddat
501 1946 641 2005 veterem
664 1963 734 2007 cum
757 1957 825 2009 tota
848 1939 988 2032 aerugine
1009 1936 1143 2021 follem,
1200 2001 1205 2017 ι

246 2141 247 2147 ¹
311 2046 491 2142 Prodigiosa
515 2048 607 2134 fides,
629 2051 666 2119 dt
686 2051 799 2121 Tuscis
820 2056 913 2146 digna
938 2054 1071 2137 libellis,

311 2164 457 2260 Qraeque
477 2184 624 2236 coronata
649 2168 772 2236 lustrari
793 2170 904 2237 debeat
926 2192 1022 2262 agna.

245 2339 248 2343 .
312 2281 505 2379 Egregium,
526 2285 719 2377 eundumque
740 2289 858 2372 virum,
879 2287 903 2351 si
916 2308 1030 2371 cerno,
1054 2274 1210 2353 bimembri

310 2399 389 2467 Hoc
411 2418 580 2468 monstrum
602 2423 719 2490 puero,
743 2404 792 2469 vel
815 2402 960 2470 mirandis
980 2404 1035 2469 sub
1058 2404 1163 2472 aratro
1230 2403 1232 2408 ’

245 2582 259 2590 ,
311 2513 446 2585 Piscibus
467 2513 626 2600 inventis,
649 2515 684 2584 dt
705 2515 795 2587 foetae
815 2534 961 2611 comparo
982 2522 1081 2587 mulae
1235 2514 1241 2528 ’

310 2633 486 2722 Sollicitus,
508 2654 654 2728 tanquam
678 2635 793 2727 lapides
813 2638 957 2706 effuderit
976 2638 1099 2719 imber,

169 2748 174 2755 '
242 2753 246 2761 ’
309 2748 509 2844 Examenque
529 2755 633 2843 apium
655 2754 748 2845 longa
769 2756 944 2822 consederit
967 2778 1026 2821 uva

307 2860 456 2934 Culmine
480 2868 631 2953 delubri,
648 2886 804 2959 tamquam
825 2871 857 2937 in
878 2892 964 2936 mare
985 2868 1113 2939 fluxerit
1132 2842 1227 2930 affin&

227 2982 231 2993 '
307 2982 492 3077 Gurgitibus
513 2988 616 3072 miris,
636 2986 672 3055 dt
694 2986 777 3053 ladlis
798 2988 916 3056 vortice
938 3003 1078 3057 torrens.

176 3192 184 3196 ἱ
241 3196 245 3201 ¹
306 3099 488 3193 Intercepta
509 3103 619 3172 decem
641 3103 778 3194 quereris
798 3104 940 3172 sestertia
959 3099 1068 3171 fraude

305 3217 485 3313 Sacrilega?
506 3221 579 3315 quid
600 3223 625 3285 ri
648 3219 691 3284 bis
705 3235 837 3286 centum
858 3220 992 3313 perdidit
1014 3219 1097 3286 alter

304 3332 381 3402 Hoc
401 3359 510 3404 arcana
531 3337 651 3406 modo?
674 3338 822 3416 majorem
843 3337 955 3404 tertius
974 3334 1029 3403 illa

257 3542 263 3549 ,
303 3449 478 3536 Summam,
504 3477 595 3545 quarn
609 3453 725 3549 patulae
740 3453 791 3529 vix
805 3470 933 3546 ceperat
945 3451 1077 3545 angulus
1089 3434 1188 3514 arc'ae?
