2634 3934
275 305 334 359 1⁶3
512 260 939 364 JUVENALrs

330 429 386 503 An
407 429 505 524 magis
526 425 678 497 obleiiant
699 425 835 492 animum
856 418 966 502 jasan
989 430 1121 505 petauro
1174 445 1199 495 »Ὗ

272 552 437 643 Corpora,
459 547 571 637 quique
594 544 675 610 solet
698 540 815 608 redium
836 533 1024 603 descendere
1046 525 1178 612 funem;

273 670 379 761 Quam
404 684 458 746 tu,
479 661 614 742 Corycia
634 680 762 749 semper
783 656 836 747 qui
859 672 960 745 puppe
982 645 1128 725 moraris,

275 786 385 874 Atque
408 779 541 861 habitas,
565 799 639 844 coro
661 781 784 865 semper
809 769 962 838 tollendus
985 762 1020 831 dc
1033 777 1159 840 austro,

275 899 440 978 Peninus,
461 917 498 960 ac
521 894 587 959 vilis
608 893 688 958 sacci
708 906 864 957 mercator
884 885 1012 953 olentis:
1115 940 1117 945 ,
1199 926 1201 935 .

276 1015 343 1109 Qai
365 1012 480 1107 gaudes
502 1011 617 1100 pingue
640 1007 777 1094 antiquae
798 1006 839 1071 de
861 1004 971 1069 littore
993 990 1104 1065 Creiae
1199 1048 1202 1053 .

269 1130 425 1211 Passum,
446 1125 482 1196 'dc
503 1124 672 1215 municipes
697 1120 778 1208 Jovis
798 1120 956 1186 advexisse
978 1110 1123 1205 lagenas?

278 1247 348 1315 Hic
372 1265 479 1312 tamen
503 1242 629 1334 ancipiti
651 1240 748 1334 figens
769 1235 899 1329 vestigia
922 1233 1029 1324 planta

265 1360 405 1438 ¹Vidium
431 1358 483 1433 illa
504 1360 649 1426 mercede
663 1374 771 1446 parat,
793 1356 1010 1440 brumamque,
1031 1341 1206 1429 famemque

279 1475 342 1544 llla
365 1492 448 1543 reste
469 1491 574 1539 cavet:
598 1490 632 1536 tu
654 1485 785 1559 propter
806 1467 893 1531 mille
915 1466 1055 1539 talenta,

281 1594 327 1663 Et
347 1609 473 1661 centum
495 1587 582 1655 villas
605 1582 786 1655 temerarius
806 1580 906 1671 aspice
928 1592 1051 1668 portus,
1086 1602 1090 1605 ·
1121 1645 1125 1650 .

282 1710 328 1780 Et
337 1711 465 1801 plenum
472 1706 591 1799 magnis
601 1704 732 1772 trabibus
740 1697 916 1789 marezplus
924 1691 1082 1760 hominum
1089 1692 1206 1772 estjam

282 1824 324 1894 In
346 1827 476 1918 pelago.
499 1823 620 1894 Veniet
632 1820 760 1900 classis,
782 1834 964 1906 quocunque
975 1806 1093 1877 vocarit

283 1939 361 2027 Spes
382 1941 480 2018 lucri,
501 1959 560 2001 nec
583 1928 789 2024 Carpathium
808 1930 999 2019 Gaetulaque
1022 1937 1142 1991 tautum

284 2048 432 2141 AEquora
453 2050 619 2114 transiliet:
643 2049 696 2114 sed
717 2050 811 2137 longe
837 2045 941 2136 Calpe
963 2040 1086 2120 relida,

283 2163 406 2236 Audiet
428 2165 591 2235 Herculeo
613 2163 797 2233 stridentem
819 2162 943 2254 gurgite
965 2158 1078 2224 solem.

284 2283 418 2353 Grande
438 2305 544 2374 operas
567 2283 706 2372 precium
721 2297 789 2362 est,
812 2296 847 2345 ut
863 2296 951 2344 tenso
974 2273 1050 2340 folle
1064 2269 1178 2337 reverti

285 2399 365 2475 inde
386 2400 510 2465 domum
531 2398 644 2485 possis,
668 2395 845 2481 tumidaque
865 2393 1011 2483 superbus
1035 2389 1119 2455 aluta

286 2515 408 2605 Oceani
429 2510 584 2595 monstra,
606 2509 641 2580 dc
664 2515 790 2595 juvenes
813 2509 921 2577 vidisse
942 2506 1091 2574 marinos.

287 2631 361 2701 Non
383 2653 458 2696 unus
479 2630 612 2707 menteis
634 2633 734 2723 agitat
755 2624 857 2697 furor:
880 2627 935 2693 ille
958 2623 1068 2692 sororis

286 2742 327 2810 In
348 2747 487 2817 manibus
509 2746 598 2811 vultu
611 2744 816 2812 Eumenidum
841 2734 995 2823 terretur,
1018 2737 1053 2805 dc
1068 2734 1149 2827 igni:
1190 2740 1193 2746 “

285 2855 355 2925 Hic
375 2859 453 2923 bove
473 2880 616 2948 percussu
636 2863 757 2955 mugire
774 2857 1011 2953 Agamemnona
1032 2851 1150 2931 credit,

284 2969 356 3040 Aut
372 2970 531 3040 ithacum.
553 2975 668 3048 Pareat
690 2980 802 3048 tunicis
823 2978 897 3044 licet
918 2996 1011 3066 atque
1035 2966 1182 3048 lacernis,

174 3182 176 3189 s
283 3087 447 3163 Cufamfss
468 3107 563 3181 eget,
585 3098 640 3183 qui
662 3117 772 3163 navem
795 3095 945 3161 mercibus
966 3090 1075 3179 implet
1139 3130 1141 3135 ,
1229 3124 1234 3127 Δ

282 3199 338 3268 Ad
364 3226 515 3299 summum
537 3206 636 3289 latus,
660 3209 695 3277 dc
721 3212 823 3279 tabula
846 3207 1044 3300 distinguitur
1066 3199 1162 3267 unda:

281 3313 378 3399 Cum
391 3321 430 3397 sit
451 3342 554 3386 caussa
576 3323 651 3389 mali
673 3329 756 3395 tanti
777 3327 812 3396 dc
834 3323 1013 3394 discriminis
1036 3321 1153 3407 hujus,

279 3426 446 3509 concisam
465 3455 633 3535 argeutum
654 3442 692 3514 in
712 3446 818 3518 titulos
839 3441 991 3534 faciesque
1011 3437 1160 3511 ninutas·
