2634 3934
352 240 389 309 vi
537 228 602 303 DE
625 226 820 303 SATYRA
844 230 1112 321 IUVENALIS

352 399 402 469 ria
426 384 669 481 expresserant,
709 412 779 460 non
804 392 986 482 peculiari,
1028 395 1084 466 sed
1106 414 1249 468 commui

248 538 252 543 ·
351 526 388 596 δι
421 518 556 590 fortuita
588 515 809 606 appellatione
839 537 1058 611 censeretur3
1105 540 1249 613 essetque

349 647 445 738 quod
468 647 514 717 ait
539 641 655 714 AElius
671 645 851 736 Donatus,
875 648 946 717 sine
968 645 1043 714 ullo
1066 651 1193 736 proprii
1218 675 1249 721 n<

350 775 450 848 minis
474 770 579 840 titulo
602 790 753 842 carmen.
788 784 793 793 '

394 897 580 986 Ceterum,
605 897 668 965 etsi
692 900 764 979 jure
780 897 934 984 Satyram
949 896 1011 967 sibi
1027 915 1135 970 totam
1153 898 1250 972 Ronn

349 1026 388 1098 ni
413 1040 592 1116 arrogent,
617 1044 688 1093 non
703 1036 818 1092 tamen
842 1023 973 1092 inficior
986 1023 1116 1112 aliquid
1133 1032 1250 1100 esseis

347 1170 403 1221 ter
434 1150 629 1220 Graecontm
661 1150 797 1233 Satyros
827 1151 863 1219 ὅ(
889 1147 1121 1223 Romanorum
1145 1157 1250 1241 Satyra

347 1294 547 1347 commune:
573 1295 652 1344 nam
669 1289 708 1342 ut
715 1272 828 1342 Poetae
845 1271 955 1343 Graeci
971 1278 1107 1365 Satyros
1131 1281 1250 1366 primm

342 1401 532 1488 induxere,
548 1401 608 1487 qui
620 1397 869 1485 Ditbyrambos
883 1400 1074 1474 &Phallica
1091 1406 1251 1491 tripudiat

344 1525 393 1595 do
416 1542 593 1615 canerent,
618 1540 800 1613 posteaque
823 1528 965 1596 minutis
989 1528 1119 1600 fabellis
1141 1536 1175 1603 &
1193 1534 1251 1600 ridi

309 1692 313 1703 ·
343 1651 432 1721 culis
453 1651 592 1723 canticis
608 1638 762 1743 Satyrica
785 1651 970 1741 petulantia
993 1655 1077 1724 fusis
1092 1656 1251 1746 Tragoedi

345 1776 484 1845 tandem
508 1772 626 1844 habitu
653 1776 820 1862 vultuque
842 1779 996 1866 graviore
1019 1781 1107 1847 culta
1131 1782 1251 1868 prodiit

344 1903 392 1970 sic
416 1903 519 1969 etiam
545 1897 709 1966 Romana
732 1921 839 1969 scenae
853 1903 1007 1973 artifices
1028 1905 1172 1988 primum
1194 1905 1251 1973 Tu

344 2047 418 2096 scos
440 2023 588 2092 lusiones
611 2023 759 2115 imitati,
784 2049 897 2098 versus
918 2025 1104 2097 inconditos
1127 2028 1252 2099 Fescen

343 2150 435 2224 trinis
456 2147 583 2219 similes
606 2149 742 2243 fudere3
766 2176 847 2224 mox
872 2152 913 2222 ad
937 2151 1098 2240 pleniores
1111 2153 1251 2240 Satyras

343 2282 381 2352 δι
404 2294 476 2366 post
501 2298 605 2348 annos
628 2278 759 2369 aliquot
792 2281 835 2352 ab
857 2281 986 2367 Satyris
1017 2279 1059 2350 ad
1083 2277 1252 2350 fabularur

342 2422 563 2494 argumenta,
587 2406 674 2476 sicut
692 2432 736 2479 ex
754 2408 857 2477 Livio
873 2408 1089 2492 notavimus,
1107 2428 1252 2492 processe

341 2551 396 2599 re:
421 2531 502 2619 quin
526 2535 563 2606 ἃ
580 2534 713 2606 Latina
729 2537 852 2620 Satyra
867 2551 945 2599 cunt
962 2530 1114 2615 Satyrica
1131 2531 1252 2603 Graeco

340 2672 417 2727 rum
434 2661 470 2729 in
486 2684 528 2732 eo
544 2663 724 2733 convenire
739 2659 893 2747 videtur,
917 2655 1009 2747 quod
1025 2659 1160 2745 utrique
1176 2659 1251 2726 sidu

339 2784 457 2858 nulum
472 2790 574 2861 inest.
590 2788 654 2858 Sed
662 2785 773 2854 Graeci
788 2785 925 2873 quidem
939 2784 1078 2872 Satyros
1093 2783 1210 2851 dixere
1225 2780 1252 2850 al

339 2910 465 3000 Satyris
487 2910 689 3008 agrestibus,
713 2928 798 2997 quos
823 2909 1068 2998 petulantes&
1093 2927 1252 2997 protervo

338 3036 489 3129 plerique
511 3018 744 3109 crediderunt:
778 3035 894 3108 Latini
919 3060 1000 3108 vero
1024 3035 1066 3106 ab
1089 3037 1252 3106 saturitat·

335 3167 374 3238 δι
397 3168 515 3254 copia,
541 3136 774 3250 congestisque
796 3160 919 3232 salibus
943 3167 979 3238 ἀ
1003 3163 1085 3246 jocis
1109 3141 1252 3232 Saturan

335 3290 552 3379 appellavere.
570 3272 784 3375 Denique'ut
803 3293 965 3378 praecipua
973 3290 1173 3375 Satyrorum
1189 3306 1252 3376 gra

334 3418 380 3484 tia
404 3409 574 3485 constabat
599 3415 810 3507 imitatione,
845 3418 892 3486 sic
916 3419 952 3490 δι
978 3394 1195 3499 Sarmatiam,
1219 3408 1252 3476 dt
