2634 3934
365 239 780 319 DISSERTATIO.
876 308 879 313 ,
974 245 1036 316 xiii
1067 307 1069 309 ,

142 401 257 494 Qrod
282 404 336 473 sic'
353 404 420 476 fere
436 406 618 494 accipitur,
642 407 737 493 quasi
754 402 820 472 hoc
835 414 965 472 tantum
988 404 1035 472 si-

81 528 270 622 gnificet,
295 551 329 600 se
353 530 599 603 adolescentem
622 529 753 617 adhuc,
777 529 862 598 dicis
887 547 946 597 aut
963 527 1034 596 ani-

81 655 139 724 mi
166 676 301 744 causa,
325 657 507 726 suasoriam
527 656 673 742 aliquam
689 655 861 745 recitasse,
885 671 952 742 qua
968 654 1033 723 Di·
1055 734 1056 737 Ἴ

81 778 229 853 {latori
253 775 356 850 Sulla:
388 794 441 846 tot
473 781 602 849 civium
627 778 859 850 Romanorum
888 775 1035 850 caedibus

80 920 254 973 cruento
279 920 442 992 suaserat,
466 921 505 975 ut
518 905 739 982 nihilominus
761 909 804 977 ad
820 929 973 976 securum
982 904 1034 974 vi-

78 1045 135 1096 tae
168 1028 320 1113 privatae
350 1030 455 1098 otium
478 1033 624 1121 rediret3
658 1035 748 1122 quod
772 1034 890 1118 utique
914 1031 1034 1098 fecerat

82 1152 222 1223 Sulla.
249 1152 375 1224 Verum
397 1153 506 1225 subest
530 1156 614 1227 alius
629 1160 785 1246 praet'erea
802 1178 931 1225 sensus:
955 1176 1035 1226 nam

84 1279 169 1347 hoc
191 1270 270 1348 sane
294 1281 498 1366 stupendum
514 1285 707 1352 securitatis
720 1280 913 1368 exemplum
936 1278 1034 1351 liber.

84 1405 184 1474 rimi
204 1403 338 1489 spiritus
346 1405 447 1476 Poeta
462 1411 613 1496 sumpsit,
638 1429 708 1497 quo
723 1425 853 1496 turpem
862 1408 1034 1499 ignaviam

87 1525 274 1600 Romanis
298 1531 531 1621 exprobraret,
563 1537 623 1622 qui
648 1552 719 1605 tam
743 1529 844 1603 foedae
868 1534 1035 1601 servitutis

85 1659 193 1743 iugo
216 1658 327 1739 capita
351 1657 591 1722 summisissent
615 1679 694 1736 sua,
717 1677 759 1721 ut
785 1658 894 1720 Lucio
915 1656 1036 1738 Sullae,

93 1774 152 1849 in'
177 1795 248 1862 quo
274 1789 325 1842 tot
349 1773 480 1842 Marios
502 1788 684 1862 senserant,
710 1774 845 1860 impune
868 1771 970 1843 fuerit
993 1773 1035 1844 de

93 1900 290 1972 Didiatuta
312 1894 525 1986 descendere,
550 1906 671 1984 perque
689 1897 817 1970 Urbem
841 1902 973 1987 privato
995 1923 1034 1972 ac

92 2027 203 2096 felici
228 2023 414 2114 ambulare3
438 2001 725 2107 &abietiissimos
742 2025 940 2095 Senatorum
962 2029 1034 2096 ani-

98 2174 184 2225 mos
208 2149 307 2223 fuisse
331 2151 540 2238 ostenderet,
563 2171 648 2237 quos
672 2151 762 2220 idern
787 2150 877 2221 Sulla
903 2169 1032 2238 septem

101 2276 258 2349 millibus
289 2279 417 2348 civium
441 2277 671 2347 Romanorum
703 2275 875 2347 trucidatis
906 2276 1032 2346 tumul-

100 2423 248 2476 tuantes
263 2394 337 2481 ¹una
362 2403 484 2475 vocula
508 2384 770 2490 compescuerat.

154 2533 344 2603 Domitiani
368 2549 537 2618 tempora,
562 2530 597 2596 in
615 2552 688 2616 quat
706 2529 874 2618 Iuvenalis
898 2529 1033 2618 incidit,

105 2656 386 2745 haudquaquam
410 2655 547 2724 meliora
570 2651 735 2739 Sullanis,
761 2656 865 2721 immo
890 2656 961 2723 sive
974 2677 1041 2729 sae..

107 2785 228 2871 vitiam
237 2782 414 2869 Principis,
431 2776 741 2848 siveRomanorum
757 2778 941 2850 socordiam
958 2801 1033 2868 spe·

106 2909 198 2997 ties,
223 2908 388 2977 deteriora
410 2905 508 2975 fuisse
533 2921 643 2993 aperte
666 2905 793 2974 indicat
806 2905 922 2993 Satyra
935 2924 1032 2993 quar·

108 3050 147 3108 ta
170 3049 338 3109 extremm
618 3036 622 3043 ’

137 3294 229 3371 Atque
253 3293 369 3357 utinam
394 3283 438 3356 bis
459 3289 558 3377 potiar
580 3285 666 3371 nugis
689 3298 750 3353 tota
773 3280 830 3351 illa
853 3278 979 3346 dedisset

134 3418 281 3504 Tempora
308 3417 453 3504 sevitie,
477 3411 575 3487 claras
599 3397 702 3497 quibus
726 3404 847 3482 abstulit
871 3405 943 3473 Urbi
