2634 3934
218 323 228 350 ὴ
291 266 335 319 μ
535 222 962 316 Juununaas

290 384 449 465 Plebejum
472 382 503 449 in
524 381 606 447 circo
619 373 754 470 positum
776 397 844 464 cst,
866 377 901 448 ἀ
917 380 949 446 in
962 395 1089 471 aggere
1106 372 1234 445 satum}

289 503 373 593 Qae
395 500 481 567 nudis
502 499 630 590 longum
653 497 790 565 ostendit
810 496 977 565 cervicibus
998 505 1145 577 aurum,

283 617 435 694 ,Consulit
456 632 531 680 ante
553 613 678 704 phalas,
699 609 977 704 delphinorumque
999 612 1213 694 columnas,

281 732 346 802 ‘An
367 743 437 824 saga
460 730 607 799 vendenti
630 730 725 798 nubat
745 753 885 821 caupone
906 728 1032 798 relisto?

348 848 417 915 Hae
424 865 529 914 tamen
538 844 573 914 dc
586 864 693 940 partus
701 841 829 915 subeunt
842 848 1026 929 discrimen,
1047 841 1232 946 &omneis

291 963 430 1035 Nutricis
452 965 587 1030 tolerant
608 961 736 1031 fortuna
759 981 892 1058 urgente
914 964 1050 1050 labores,

290 1053 352 1149 Sed
375 1085 457 1161 jacet
478 1097 587 1148 aurato
610 1081 661 1148 vix
683 1081 744 1148 ulla
764 1100 917 1172 puerpera
937 1080 1036 1163 bediu,
1110 1132 1115 1141 .

291 1194 431 1264 Tantum
452 1215 535 1265 artes
557 1195 662 1282 hujus,
691 1212 813 1265 tantum
833 1196 1033 1265 medicamina
1055 1203 1227 1286 possunt,

290 1312 373 1404 Quae
379 1315 512 1382 sterileis
520 1312 611 1397 facit,
626 1332 719 1405 atque
727 1295 863 1382 homines
878 1316 911 1381 in
928 1328 1038 1382 ventre
1054 1308 1226 1380 necandos

290 1429 467 1500 Condncit:
489 1433 589 1522 gaude
609 1426 736 1508 infelix,
758 1446 851 1518 atque
871 1432 937 1517 ipse
958 1429 1124 1495 bibendum
1231 1431 1235 1439 “

290 1543 442 1642 Porrige,
462 1540 605 1632 quidquid
618 1537 694 1605 erit:
716 1555 787 1607 nam
801 1543 827 1603 si
839 1542 1015 1608 distendere
1038 1542 1159 1624 vellet,

287 1661 335 1733 Et
358 1681 469 1735 vexare
488 1673 614 1725 uterum
634 1653 736 1747 pueris
757 1656 951 1741 salientibus,
971 1677 1051 1725 esses

290 1772 452 1863 AEthiopis
473 1771 601 1844 fortasse
622 1794 730 1866 pater:
752 1797 824 1846 mox
846 1768 972 1844 decolor
992 1773 1091 1842 baeres

291 1894 442 1984 impleret
464 1886 597 1972 tabulas,
620 1908 776 1988 nunquam
795 1887 854 1957 'tibi
875 1915 966 1960 mane
988 1890 1157 1960 videndusa

349 2000 487 2069 Transeo
509 2005 697 2095 suppositos,
719 2005 754 2074 dc
775 2005 905 2099 gaudia,
929 2025 1063 2096 uotaque
1084 2027 1173 2097 saepe

290 2121 342 2193 Ad
364 2141 487 2208 spurcos
507 2118 637 2224 decepta
658 2122 760 2203 lacus,
782 2137 876 2211 atque
898 2121 970 2187 inde
993 2118 1111 2211 petitos

288 2233 456 2305 Pontifices
478 2235 593 2321 Salios,
614 2236 802 2306 Scaurorum
823 2239 947 2305 nomina
968 2232 1046 2305 falso

280 2349 434 2441 -Corpore
455 2351 587 2418 laturos.
610 2353 683 2420 Stat
704 2353 828 2423 fortuna
850 2355 988 2447 improba
1012 2355 1102 2423 nullu

288 2465 440 2534 Atridens
461 2468 546 2535 nudis
566 2465 749 2559 infantibus3
769 2471 824 2539 hos
845 2468 931 2541 fovet
953 2472 1090 2554 omneis,

287 2581 484 2674 involvitque
505 2584 589 2653 sinu:
610 2587 748 2656 domibus
770 2595 845 2659 tunc
867 2591 999 2685 porrigit
1018 2586 1113 2671 altis,

287 2687 511 2790 Secretumque
532 2702 587 2769 sibi
606 2707 735 2775 mimum
756 2718 844 2800 parat
866 2734 877 2799 ;
906 2709 962 2775 hos
981 2715 1091 2787 amat,
1104 2703 1149 2770 his
1170 2727 1204 2782 se

286 2812 428 2907 Ingerit,
451 2835 549 2908 utque
568 2842 636 2890 suos
656 2823 762 2892 ridens
781 2824 923 2914 producit
945 2821 1098 2891 alumnos.

347 2930 415 2997 Hic
437 2936 572 3027 magicos
594 2937 699 3006 adfert
720 2957 845 3023 cantus,
869 2940 919 3009 hic
933 2937 1082 3008 Thessala
1096 2938 1201 3006 vendit

284 3043 425 3132 Philtra,
447 3052 554 3142 quibus
576 3057 678 3123 ualeat
698 3073 838 3122 mentem
860 3080 972 3125 vexare
992 3053 1117 3136 mariti,

283 3160 329 3230 Et
353 3166 434 3234 solea
457 3171 580 3259 pulsare
601 3181 704 3238 nates.
728 3168 822 3259 Quod
844 3174 972 3262 desipis,
995 3170 1067 3252 inde
1089 3183 1159 3255 est,

282 3278 362 3349 lnde
384 3284 476 3351 animi
496 3286 617 3378 caligo,
640 3285 676 3353 dt
691 3308 802 3380 magna
825 3287 937 3354 obliuio
958 3304 1084 3370 rerum,
1196 3368 1211 3382 N

281 3395 366 3489 Qum
388 3400 480 3475 modo
501 3401 643 3501 gessisti3
667 3417 770 3471 tamen
793 3404 852 3473 hoc
873 3399 1056 3490 tolerabile,
1077 3401 1102 3470 si
1123 3423 1184 3470 non
